
<marc:record><marc:leader>00884cam a22002053  4500</marc:leader>
<marc:controlfield tag="001">000023558</marc:controlfield>
<marc:controlfield tag="003">Uk</marc:controlfield><marc:controlfield tag="005">20111222151700.0</marc:controlfield><marc:controlfield tag="008">871006|1832|||||||    ||    |||| |||||  </marc:controlfield><marc:datafield tag="040" ind1=" " ind2=" "><marc:subfield code="a">Uk</marc:subfield><marc:subfield code="c">Uk</marc:subfield></marc:datafield><marc:datafield tag="100" ind1="0" ind2=" "><marc:subfield code="a">Aeschylus.</marc:subfield></marc:datafield><marc:datafield tag="240" ind1="1" ind2="0"><marc:subfield code="a">Appendix</marc:subfield></marc:datafield><marc:datafield tag="245" ind1="1" ind2="0"><marc:subfield code="a">Apparatus criticus et exegeticus in Aeschyli tragoedias. (vol. 1. Thomae Stanleii commentarius ... ab Samuele Butlero editus. Accedunt C. Reisigii emendationes in Prometheum.-vol. 2. Friderici Ludovici Abreschii animadversionum ad Aeschylum libri tres.).</marc:subfield></marc:datafield><marc:datafield tag="260" ind1=" " ind2=" "><marc:subfield code="a">Halis Saxonum,</marc:subfield><marc:subfield code="c">1832.</marc:subfield></marc:datafield><marc:datafield tag="300" ind1=" " ind2=" "><marc:subfield code="a">2 vol. ;</marc:subfield><marc:subfield code="c">8º.</marc:subfield></marc:datafield><marc:datafield tag="700" ind1="1" ind2=" "><marc:subfield code="a">ABRESCH, Friedrich Ludwig.</marc:subfield></marc:datafield><marc:datafield tag="700" ind1="1" ind2=" "><marc:subfield code="a">Butler, Samuel,</marc:subfield><marc:subfield code="d">1774-1839.</marc:subfield></marc:datafield><marc:datafield tag="852" ind1="4" ind2="1"><marc:subfield code="a">British Library</marc:subfield><marc:subfield code="b">HMNTS</marc:subfield><marc:subfield code="j">995.c.15.</marc:subfield></marc:datafield><marc:datafield tag="886" ind1="2" ind2=" "><marc:subfield code="2">blmarc</marc:subfield><marc:subfield code="a">709</marc:subfield><marc:subfield code="b">00</marc:subfield><marc:subfield code="a">ABRESCH</marc:subfield><marc:subfield code="h">Friedrich Ludwig</marc:subfield><marc:subfield code="p">995.c.15.</marc:subfield><marc:subfield code="x">0014130041</marc:subfield></marc:datafield><marc:datafield tag="886" ind1="2" ind2=" "><marc:subfield code="2">blmarc</marc:subfield><marc:subfield code="a">709</marc:subfield><marc:subfield code="b">00</marc:subfield><marc:subfield code="a">BUTLER</marc:subfield><marc:subfield code="h">Samuel</marc:subfield><marc:subfield code="f">Bishop of Lichfield and Coventry</marc:subfield><marc:subfield code="p">997.d.29.</marc:subfield><marc:subfield code="x">049277000X</marc:subfield></marc:datafield></marc:record>