
<marc:record><marc:leader>00810cam a22001573  4500</marc:leader>
<marc:controlfield tag="001">000023586</marc:controlfield>
<marc:controlfield tag="003">Uk</marc:controlfield><marc:controlfield tag="005">20130627174000.0</marc:controlfield><marc:controlfield tag="008">871006|1803|||||||    ||    |||| ||grc  </marc:controlfield><marc:datafield tag="040" ind1=" " ind2=" "><marc:subfield code="a">Uk</marc:subfield><marc:subfield code="c">Uk</marc:subfield></marc:datafield><marc:datafield tag="100" ind1="0" ind2=" "><marc:subfield code="a">Aesop.</marc:subfield></marc:datafield><marc:datafield tag="240" ind1="1" ind2="0"><marc:subfield code="a">Greek. Planudes Collection</marc:subfield></marc:datafield><marc:datafield tag="245" ind1="1" ind2="0"><marc:subfield code="a">Αἰσωπου του φρυγος Βιος (Μαξιμῳ τῳ Πλανουδῃ συγγραφεις) και Μυθοι. Νεωστι τυπωθεντες Ἑλληνιστι μετα και ἀλλων, etc. (Γαβριου ... τετραστιχα.-Ὁμηρου βατραχομυομαχια.-Μουσαιου τα κατ' Ἠρω και Λεανδρον.-Γαλεωμυομαχια [by Theodore Prodromus].).</marc:subfield></marc:datafield><marc:datafield tag="260" ind1=" " ind2=" "><marc:subfield code="a">pp. ηʹ. 200. Ἐνετιησιν, 1803.</marc:subfield></marc:datafield><marc:datafield tag="300" ind1=" " ind2=" "><marc:subfield code="a">8º.</marc:subfield></marc:datafield><marc:datafield tag="852" ind1="4" ind2="1"><marc:subfield code="a">British Library</marc:subfield><marc:subfield code="b">HMNTS</marc:subfield><marc:subfield code="j">637.f.11.(1.)</marc:subfield></marc:datafield></marc:record>