
<marc:record><marc:leader>00811cam a22001813  4500</marc:leader>
<marc:controlfield tag="001">000023588</marc:controlfield>
<marc:controlfield tag="003">Uk</marc:controlfield><marc:controlfield tag="005">20130627174000.0</marc:controlfield><marc:controlfield tag="008">871006|1830|||||||    ||    |||| ||grc  </marc:controlfield><marc:datafield tag="040" ind1=" " ind2=" "><marc:subfield code="a">Uk</marc:subfield><marc:subfield code="c">Uk</marc:subfield></marc:datafield><marc:datafield tag="100" ind1="0" ind2=" "><marc:subfield code="a">Aesop.</marc:subfield></marc:datafield><marc:datafield tag="240" ind1="1" ind2="0"><marc:subfield code="a">Greek. Planudes Collection</marc:subfield></marc:datafield><marc:datafield tag="245" ind1="1" ind2="0"><marc:subfield code="a">Αἰσώπου του̂ Φρυγὸς βίος καὶ μύθοι μετὰ τη̂ς χρηστοηθείας Ἀντωνίου του̂ Βυζαντίου ... Νέα ́̓εκδοσις..</marc:subfield></marc:datafield><marc:datafield tag="260" ind1=" " ind2=" "><marc:subfield code="a">Ἐν Βενετίᾳ: Ἐκ τη̂ς Ἑλληνικη̂ς Τυπογραφίας Φραγκίσκου Ἀνδρεόλα, 1830.</marc:subfield></marc:datafield><marc:datafield tag="300" ind1=" " ind2=" "><marc:subfield code="a">pp. 239. 8º.</marc:subfield></marc:datafield><marc:datafield tag="700" ind1="1" ind2=" "><marc:subfield code="a">BUZANTIOS, Antonios.</marc:subfield></marc:datafield><marc:datafield tag="852" ind1="4" ind2="1"><marc:subfield code="a">British Library</marc:subfield><marc:subfield code="b">HMNTS</marc:subfield><marc:subfield code="j">1607/4941.</marc:subfield></marc:datafield><marc:datafield tag="886" ind1="2" ind2=" "><marc:subfield code="2">blmarc</marc:subfield><marc:subfield code="a">709</marc:subfield><marc:subfield code="b">00</marc:subfield><marc:subfield code="a">BUZANTIOS</marc:subfield><marc:subfield code="h">Antonios</marc:subfield><marc:subfield code="p">1607/4941.</marc:subfield><marc:subfield code="x">0493990283</marc:subfield></marc:datafield></marc:record>