
<marc:record><marc:leader>00691cam a22001813  4500</marc:leader>
<marc:controlfield tag="001">000023590</marc:controlfield>
<marc:controlfield tag="003">Uk</marc:controlfield><marc:controlfield tag="005">20130627174000.0</marc:controlfield><marc:controlfield tag="008">871006|1810|||||||    ||    |||| ||grc  </marc:controlfield><marc:datafield tag="040" ind1=" " ind2=" "><marc:subfield code="a">Uk</marc:subfield><marc:subfield code="c">Uk</marc:subfield></marc:datafield><marc:datafield tag="100" ind1="0" ind2=" "><marc:subfield code="a">Aesop.</marc:subfield></marc:datafield><marc:datafield tag="240" ind1="1" ind2="0"><marc:subfield code="a">Greek. Other Collections</marc:subfield></marc:datafield><marc:datafield tag="245" ind1="1" ind2="0"><marc:subfield code="a">Αἰσωπου Μυθοι. Fabulae Aesopicae a F. de Furia ... tum primum e codicibus editae, tum aliunde collectae ... Notas criticas et indicem Graecitatis adiecit C. E. C. Schneider.</marc:subfield></marc:datafield><marc:datafield tag="260" ind1=" " ind2=" "><marc:subfield code="a">pp. iv. 172. 115. Lipsiae, 1810.</marc:subfield></marc:datafield><marc:datafield tag="300" ind1=" " ind2=" "><marc:subfield code="a">8º.</marc:subfield></marc:datafield><marc:datafield tag="700" ind1="1" ind2=" "><marc:subfield code="a">SCHNEIDER, Carl Ernst Christoph.</marc:subfield></marc:datafield><marc:datafield tag="852" ind1="4" ind2="1"><marc:subfield code="a">British Library</marc:subfield><marc:subfield code="b">HMNTS</marc:subfield><marc:subfield code="j">637.i.5.</marc:subfield></marc:datafield><marc:datafield tag="886" ind1="2" ind2=" "><marc:subfield code="2">blmarc</marc:subfield><marc:subfield code="a">709</marc:subfield><marc:subfield code="b">00</marc:subfield><marc:subfield code="a">SCHNEIDER</marc:subfield><marc:subfield code="h">Carl Ernst Christoph</marc:subfield><marc:subfield code="p">637.i.5.</marc:subfield><marc:subfield code="x">2933430290</marc:subfield></marc:datafield></marc:record>