
<marc:record><marc:leader>00691cam a22001813  4500</marc:leader>
<marc:controlfield tag="001">000023602</marc:controlfield>
<marc:controlfield tag="003">Uk</marc:controlfield><marc:controlfield tag="005">20130627174000.0</marc:controlfield><marc:controlfield tag="008">871006|1822||||enk    ||    |||| ||grc  </marc:controlfield><marc:datafield tag="040" ind1=" " ind2=" "><marc:subfield code="a">Uk</marc:subfield><marc:subfield code="c">Uk</marc:subfield></marc:datafield><marc:datafield tag="100" ind1="0" ind2=" "><marc:subfield code="a">Aesop.</marc:subfield></marc:datafield><marc:datafield tag="240" ind1="1" ind2="0"><marc:subfield code="a">Greek. Selections</marc:subfield></marc:datafield><marc:datafield tag="245" ind1="1" ind2="0"><marc:subfield code="a">Μυθοι Αἰσωπου ἐκλεκτοι. Nonnullæ ex Æsopo fabulæ ... Cum notis et lexico quas scripsit et collegit Rev. T. Andrews.</marc:subfield></marc:datafield><marc:datafield tag="260" ind1=" " ind2=" "><marc:subfield code="a">Londini :</marc:subfield><marc:subfield code="b">F. C. &amp; J. Rivington,</marc:subfield><marc:subfield code="c">1822.</marc:subfield></marc:datafield><marc:datafield tag="300" ind1=" " ind2=" "><marc:subfield code="a">97 p. ;</marc:subfield><marc:subfield code="c">12º.</marc:subfield></marc:datafield><marc:datafield tag="700" ind1="1" ind2=" "><marc:subfield code="a">ANDREWS, Thomas,</marc:subfield><marc:subfield code="c">Perpetual Curate of Coggs, Oxon.</marc:subfield></marc:datafield><marc:datafield tag="852" ind1="4" ind2="1"><marc:subfield code="a">British Library</marc:subfield><marc:subfield code="b">HMNTS</marc:subfield><marc:subfield code="j">637.e.2.</marc:subfield></marc:datafield><marc:datafield tag="886" ind1="2" ind2=" "><marc:subfield code="2">blmarc</marc:subfield><marc:subfield code="a">709</marc:subfield><marc:subfield code="b">00</marc:subfield><marc:subfield code="a">ANDREWS</marc:subfield><marc:subfield code="h">Thomas</marc:subfield><marc:subfield code="f">Perpetual Curate of Coggs, Oxon</marc:subfield><marc:subfield code="p">637.e.2.</marc:subfield><marc:subfield code="x">0083020144</marc:subfield></marc:datafield></marc:record>