
<marc:record><marc:leader>00659cam a22001813  4500</marc:leader>
<marc:controlfield tag="001">000023606</marc:controlfield>
<marc:controlfield tag="003">Uk</marc:controlfield><marc:controlfield tag="005">20130627174000.0</marc:controlfield><marc:controlfield tag="008">871006|1845|||||||    ||    |||| ||grc  </marc:controlfield><marc:datafield tag="040" ind1=" " ind2=" "><marc:subfield code="a">Uk</marc:subfield><marc:subfield code="c">Uk</marc:subfield></marc:datafield><marc:datafield tag="100" ind1="0" ind2=" "><marc:subfield code="a">Aesop.</marc:subfield></marc:datafield><marc:datafield tag="240" ind1="1" ind2="0"><marc:subfield code="a">Greek. Selections</marc:subfield></marc:datafield><marc:datafield tag="245" ind1="1" ind2="0"><marc:subfield code="a">Αἰσωπου Μυθοι ἐκλεκτοι. Choix de Fables d'Ésope ... avec les imitations de La Fontaine et un lexique des mots contenus dans les Fables d'Ésope par M. L. Quicherat.</marc:subfield></marc:datafield><marc:datafield tag="260" ind1=" " ind2=" "><marc:subfield code="a">pp. 69. 54. Paris, 1845.</marc:subfield></marc:datafield><marc:datafield tag="300" ind1=" " ind2=" "><marc:subfield code="a">12º.</marc:subfield></marc:datafield><marc:datafield tag="700" ind1="1" ind2=" "><marc:subfield code="a">QUICHERAT, Louis.</marc:subfield></marc:datafield><marc:datafield tag="852" ind1="4" ind2="1"><marc:subfield code="a">British Library</marc:subfield><marc:subfield code="b">HMNTS</marc:subfield><marc:subfield code="j">12304.bb.29.</marc:subfield></marc:datafield><marc:datafield tag="886" ind1="2" ind2=" "><marc:subfield code="2">blmarc</marc:subfield><marc:subfield code="a">709</marc:subfield><marc:subfield code="b">00</marc:subfield><marc:subfield code="a">QUICHERAT</marc:subfield><marc:subfield code="h">Louis</marc:subfield><marc:subfield code="p">12304.bb.29.</marc:subfield><marc:subfield code="x">2682750257</marc:subfield></marc:datafield></marc:record>