
<marc:record><marc:leader>00796 am a22001813  4500</marc:leader>
<marc:controlfield tag="001">000023663</marc:controlfield>
<marc:controlfield tag="003">Uk</marc:controlfield><marc:controlfield tag="005">20091125222300.0</marc:controlfield><marc:controlfield tag="008">871006|1842|||||||    ||    |||| |||||  </marc:controlfield><marc:datafield tag="040" ind1=" " ind2=" "><marc:subfield code="a">Uk</marc:subfield><marc:subfield code="c">Uk</marc:subfield></marc:datafield><marc:datafield tag="100" ind1="0" ind2=" "><marc:subfield code="a">Aesop.</marc:subfield></marc:datafield><marc:datafield tag="240" ind1="1" ind2="0"><marc:subfield code="a">Greek and Latin. Planudes Collection</marc:subfield></marc:datafield><marc:datafield tag="245" ind1="1" ind2="0"><marc:subfield code="a">[Μυθοι Αἰσωπου. Æsopi Fabulæ ... Cum novis notis necnon versione emendata, etc. [The Latin translation by A. P. Manutius.]]</marc:subfield></marc:datafield><marc:datafield tag="250" ind1=" " ind2=" "><marc:subfield code="a">[Another edition.]</marc:subfield></marc:datafield><marc:datafield tag="260" ind1=" " ind2=" "><marc:subfield code="a">pp. ix. 122. 81. E. P. Williams: Etonæ, 1842.</marc:subfield></marc:datafield><marc:datafield tag="300" ind1=" " ind2=" "><marc:subfield code="a">12º.</marc:subfield></marc:datafield><marc:datafield tag="787" ind1="0" ind2=" "><marc:subfield code="t">Μυθοι Αἰσωπου. Æsopi Fabulæ ... Cum novis notis necnon versione emendata, etc. [The Latin translation by A. P. Manutius.]</marc:subfield><marc:subfield code="d">2 pt. M. Pote &amp; E. Williams: Etonæ, 1802. 12º.</marc:subfield><marc:subfield code="w">(Uk)MP1.0000026427</marc:subfield></marc:datafield><marc:datafield tag="852" ind1="4" ind2="1"><marc:subfield code="a">British Library</marc:subfield><marc:subfield code="b">HMNTS</marc:subfield><marc:subfield code="j">12304.b.18.</marc:subfield></marc:datafield></marc:record>