
<marc:record><marc:leader>00869 am a22001813  4500</marc:leader>
<marc:controlfield tag="001">000023696</marc:controlfield>
<marc:controlfield tag="003">Uk</marc:controlfield><marc:controlfield tag="005">20091125222400.0</marc:controlfield><marc:controlfield tag="008">871006|1802|||||||    ||    |||| |||||  </marc:controlfield><marc:datafield tag="040" ind1=" " ind2=" "><marc:subfield code="a">Uk</marc:subfield><marc:subfield code="c">Uk</marc:subfield></marc:datafield><marc:datafield tag="100" ind1="0" ind2=" "><marc:subfield code="a">Aesop.</marc:subfield></marc:datafield><marc:datafield tag="240" ind1="1" ind2="0"><marc:subfield code="a">Latin and English</marc:subfield></marc:datafield><marc:datafield tag="245" ind1="1" ind2="0"><marc:subfield code="a">[Fabulæ Æsopi selectæ ... With an English translation ... by H. Clarke ... The first Boston edition, from a copy of the latest edition printed in London.]</marc:subfield></marc:datafield><marc:datafield tag="250" ind1=" " ind2=" "><marc:subfield code="a">The first Walpole edition, from a copy of the latest edition printed in London.</marc:subfield></marc:datafield><marc:datafield tag="260" ind1=" " ind2=" "><marc:subfield code="a">pp. 155. Thomas &amp; Thomas: Walpole, N.H., 1802.</marc:subfield></marc:datafield><marc:datafield tag="300" ind1=" " ind2=" "><marc:subfield code="a">12º.</marc:subfield></marc:datafield><marc:datafield tag="787" ind1="0" ind2=" "><marc:subfield code="t">Fabulæ Æsopi selectæ ... With an English translation ... by H. Clarke ... The first Boston edition, from a copy of the latest edition printed in London.</marc:subfield><marc:subfield code="d">pp. 4. 154. Samuel Hall: Boston, 1787. 8º.</marc:subfield><marc:subfield code="w">(Uk)MP1.0000026454</marc:subfield></marc:datafield><marc:datafield tag="852" ind1="4" ind2="1"><marc:subfield code="a">British Library</marc:subfield><marc:subfield code="b">HMNTS</marc:subfield><marc:subfield code="j">12304.c.19.</marc:subfield></marc:datafield></marc:record>