
<marc:record><marc:leader>00964cam a22001813  4500</marc:leader>
<marc:controlfield tag="001">000023699</marc:controlfield>
<marc:controlfield tag="003">Uk</marc:controlfield><marc:controlfield tag="005">20110421155500.0</marc:controlfield><marc:controlfield tag="008">871006|1882|||||||    ||    |||| |||||  </marc:controlfield><marc:datafield tag="040" ind1=" " ind2=" "><marc:subfield code="a">Uk</marc:subfield><marc:subfield code="c">Uk</marc:subfield></marc:datafield><marc:datafield tag="100" ind1="0" ind2=" "><marc:subfield code="a">Aesop.</marc:subfield></marc:datafield><marc:datafield tag="240" ind1="1" ind2="0"><marc:subfield code="a">Latin and French</marc:subfield></marc:datafield><marc:datafield tag="245" ind1="1" ind2="0"><marc:subfield code="a">Lyoner Yzopet. Altfranzösische Übersetzung des XIII. Jahrhunderts in der Mundart der Franche-Comté. Mit dem kritischen Text des lateinischen Originals-sog. Anonymus Neveleti. Zum ersten Mal herausgegeben von Wendelin Foerster.</marc:subfield></marc:datafield><marc:datafield tag="260" ind1=" " ind2=" "><marc:subfield code="a">Heilbronn,</marc:subfield><marc:subfield code="c">1882.</marc:subfield></marc:datafield><marc:datafield tag="300" ind1=" " ind2=" "><marc:subfield code="a">xliv, 166 p. ;</marc:subfield><marc:subfield code="c">8º.</marc:subfield></marc:datafield><marc:datafield tag="490" ind1="0" ind2=" "><marc:subfield code="a">[Altfranzösische Bibliothek. Bd. 5.]</marc:subfield></marc:datafield><marc:datafield tag="775" ind1="0" ind2=" "><marc:subfield code="t">[Lyoner Yzopet. Altfranzösische Übersetzung des XIII. Jahrhunderts in der Mundart der Franche-Comté. Mit dem kritischen Text des lateinischen Originals-sog. Anonymus Neveleti. Zum ersten Mal herausgegeben von Wendelin Foerster.]</marc:subfield><marc:subfield code="d">pp. 262. pl. xii. Urbana, 1919. 8º.</marc:subfield><marc:subfield code="w">(Uk)MP1.0000026457.1</marc:subfield></marc:datafield><marc:datafield tag="852" ind1="4" ind2="1"><marc:subfield code="a">British Library</marc:subfield><marc:subfield code="b">HMNTS</marc:subfield><marc:subfield code="j">11498.ccc.65.</marc:subfield></marc:datafield></marc:record>