
<marc:record><marc:leader>01140cam a22001933  4500</marc:leader>
<marc:controlfield tag="001">000023701</marc:controlfield>
<marc:controlfield tag="003">Uk</marc:controlfield><marc:controlfield tag="005">20110311165900.0</marc:controlfield><marc:controlfield tag="008">871006|1873|||||||    ||    |||| |||||  </marc:controlfield><marc:datafield tag="040" ind1=" " ind2=" "><marc:subfield code="a">Uk</marc:subfield><marc:subfield code="c">Uk</marc:subfield></marc:datafield><marc:datafield tag="100" ind1="0" ind2=" "><marc:subfield code="a">Aesop.</marc:subfield></marc:datafield><marc:datafield tag="240" ind1="1" ind2="0"><marc:subfield code="a">Latin and German</marc:subfield></marc:datafield><marc:datafield tag="245" ind1="1" ind2="0"><marc:subfield code="a">Steinhöwels Äsop. (Vita Esopi ... e greco latina per Rimicium facta.-Prologus metricus in Esopum. Ut iuvet et prosit conatur pagina presens, etc. [Followed by 80 fables in 4 books in the prose translation of Romulus, accompanied in the case of bk. 1-3 by the version in Latin elegiacs of the Anonymus Neveleti, sometimes attributed to Gualterius Anglicus.]-Extravagantes Esopi.-Alique Esopi fabule nove translationis Remicii.-Aviani fabule. [Selected fables of P. Alfunsi and Poggio Bracciolini.]) [With the German translation of Heinrich Steinhöwel.] Herausgegeben von Hermann Österley.</marc:subfield></marc:datafield><marc:datafield tag="260" ind1=" " ind2=" "><marc:subfield code="a">Stuttgart,</marc:subfield><marc:subfield code="c">1873.</marc:subfield></marc:datafield><marc:datafield tag="300" ind1=" " ind2=" "><marc:subfield code="a">372 p. ;</marc:subfield><marc:subfield code="c">8º.</marc:subfield></marc:datafield><marc:datafield tag="490" ind1="0" ind2=" "><marc:subfield code="a">[Bibliothek des Literarischen Vereins in Stuttgart. 117.]</marc:subfield></marc:datafield><marc:datafield tag="700" ind1="1" ind2=" "><marc:subfield code="a">STEINHOEWEL, Heinrich.</marc:subfield></marc:datafield><marc:datafield tag="852" ind1="4" ind2="1"><marc:subfield code="a">British Library</marc:subfield><marc:subfield code="b">HMNTS</marc:subfield><marc:subfield code="j">Ac.8963.</marc:subfield></marc:datafield><marc:datafield tag="886" ind1="2" ind2=" "><marc:subfield code="2">blmarc</marc:subfield><marc:subfield code="a">709</marc:subfield><marc:subfield code="b">00</marc:subfield><marc:subfield code="a">STEINHOEWEL</marc:subfield><marc:subfield code="h">Heinrich</marc:subfield><marc:subfield code="p">Ac.8963.</marc:subfield><marc:subfield code="x">3123280047</marc:subfield></marc:datafield></marc:record>