
<marc:record><marc:leader>02181 am a22003013  4500</marc:leader>
<marc:controlfield tag="001">000023718</marc:controlfield>
<marc:controlfield tag="003">Uk</marc:controlfield><marc:controlfield tag="005">20091125222400.0</marc:controlfield><marc:controlfield tag="008">871006|1840|||||||    ||    |||| |||||  </marc:controlfield><marc:datafield tag="040" ind1=" " ind2=" "><marc:subfield code="a">Uk</marc:subfield><marc:subfield code="c">Uk</marc:subfield></marc:datafield><marc:datafield tag="100" ind1="0" ind2=" "><marc:subfield code="a">Aesop.</marc:subfield></marc:datafield><marc:datafield tag="240" ind1="1" ind2="0"><marc:subfield code="a">English and Chinese</marc:subfield></marc:datafield><marc:datafield tag="245" ind1="1" ind2="0"><marc:subfield code="a">Esop's Fables, written in Chinese by ... Mun Mooy, and compiled ... with a free and literal translation, by his pupil Sloth [i.e. Robert Thom].</marc:subfield></marc:datafield><marc:datafield tag="260" ind1=" " ind2=" "><marc:subfield code="a">pp. xxi. iv. [104]. Canton Press Office: [Canton,] 1840.</marc:subfield></marc:datafield><marc:datafield tag="300" ind1=" " ind2=" "><marc:subfield code="a">fol.</marc:subfield></marc:datafield><marc:datafield tag="700" ind1="1" ind2=" "><marc:subfield code="a">THOM, Robert,</marc:subfield><marc:subfield code="c">Orientalist.</marc:subfield></marc:datafield><marc:datafield tag="720" ind1=" " ind2=" "><marc:subfield code="a">MUN MOOY</marc:subfield></marc:datafield><marc:datafield tag="720" ind1=" " ind2=" "><marc:subfield code="a">SLOTH, pseud. [i.e. Robert Thom.]</marc:subfield></marc:datafield><marc:datafield tag="775" ind1="0" ind2=" "><marc:subfield code="t">[Esop's Fables, written in Chinese by ... Mun Mooy, and compiled ... with a free and literal translation, by his pupil Sloth [i.e. Robert Thom].]</marc:subfield><marc:subfield code="d">'China Mail': Hongkong, 1891. 8º.</marc:subfield><marc:subfield code="w">(Uk)MP1.0000026474.1</marc:subfield></marc:datafield><marc:datafield tag="775" ind1="0" ind2=" "><marc:subfield code="t">[Esop's Fables, written in Chinese by ... Mun Mooy, and compiled ... with a free and literal translation, by his pupil Sloth [i.e. Robert Thom].]</marc:subfield><marc:subfield code="d">2 pt. Hongkong, 1899, 98. 8º.</marc:subfield><marc:subfield code="w">(Uk)MP1.0000026474.2</marc:subfield></marc:datafield><marc:datafield tag="775" ind1="0" ind2=" "><marc:subfield code="t">[Esop's Fables, written in Chinese by ... Mun Mooy, and compiled ... with a free and literal translation, by his pupil Sloth [i.e. Robert Thom].]</marc:subfield><marc:subfield code="d">2 pt. Hongkong, 1903. 8º.</marc:subfield><marc:subfield code="w">(Uk)MP1.0000026474.3</marc:subfield></marc:datafield><marc:datafield tag="775" ind1="0" ind2=" "><marc:subfield code="t">[Esop's Fables, written in Chinese by ... Mun Mooy, and compiled ... with a free and literal translation, by his pupil Sloth [i.e. Robert Thom].]</marc:subfield><marc:subfield code="d">Hongkong, 1906. 8º.</marc:subfield><marc:subfield code="w">(Uk)MP1.0000026474.4</marc:subfield></marc:datafield><marc:datafield tag="775" ind1="0" ind2=" "><marc:subfield code="t">[Esop's Fables, written in Chinese by ... Mun Mooy, and compiled ... with a free and literal translation, by his pupil Sloth [i.e. Robert Thom].]</marc:subfield><marc:subfield code="d">Hongkong, 1910. 8º.</marc:subfield><marc:subfield code="w">(Uk)MP1.0000026474.5</marc:subfield></marc:datafield><marc:datafield tag="775" ind1="0" ind2=" "><marc:subfield code="t">[Esop's Fables, written in Chinese by ... Mun Mooy, and compiled ... with a free and literal translation, by his pupil Sloth [i.e. Robert Thom].]</marc:subfield><marc:subfield code="d">Hongkong, 1914. 8º.</marc:subfield><marc:subfield code="w">(Uk)MP1.0000026474.6</marc:subfield></marc:datafield><marc:datafield tag="852" ind1="4" ind2="1"><marc:subfield code="a">British Library</marc:subfield><marc:subfield code="b">HMNTS</marc:subfield><marc:subfield code="j">825.kk.23.</marc:subfield></marc:datafield><marc:datafield tag="886" ind1="2" ind2=" "><marc:subfield code="2">blmarc</marc:subfield><marc:subfield code="a">709</marc:subfield><marc:subfield code="b">00</marc:subfield><marc:subfield code="a">MUN MOOY</marc:subfield><marc:subfield code="p">825.kk.23.</marc:subfield><marc:subfield code="x">2301260054</marc:subfield></marc:datafield><marc:datafield tag="886" ind1="2" ind2=" "><marc:subfield code="2">blmarc</marc:subfield><marc:subfield code="a">709</marc:subfield><marc:subfield code="b">00</marc:subfield><marc:subfield code="a">SLOTH, pseud. [i.e. Robert Thom.]</marc:subfield><marc:subfield code="p">825.kk.23.</marc:subfield><marc:subfield code="x">3044230004</marc:subfield></marc:datafield><marc:datafield tag="886" ind1="2" ind2=" "><marc:subfield code="2">blmarc</marc:subfield><marc:subfield code="a">709</marc:subfield><marc:subfield code="b">00</marc:subfield><marc:subfield code="a">THOM</marc:subfield><marc:subfield code="h">Robert</marc:subfield><marc:subfield code="f">Orientalist</marc:subfield><marc:subfield code="p">11100.c.9.</marc:subfield><marc:subfield code="x">324152034X</marc:subfield><marc:subfield code="p">825.kk.23.</marc:subfield><marc:subfield code="x">3241520331</marc:subfield></marc:datafield></marc:record>