
<marc:record><marc:leader>01064cam a22002053  4500</marc:leader>
<marc:controlfield tag="001">000023719</marc:controlfield>
<marc:controlfield tag="003">Uk</marc:controlfield><marc:controlfield tag="005">20121107181200.0</marc:controlfield><marc:controlfield tag="008">871006|1891|||||||    ||    |||| |||||  </marc:controlfield><marc:datafield tag="040" ind1=" " ind2=" "><marc:subfield code="a">Uk</marc:subfield><marc:subfield code="c">Uk</marc:subfield></marc:datafield><marc:datafield tag="100" ind1="0" ind2=" "><marc:subfield code="a">Aesop.</marc:subfield></marc:datafield><marc:datafield tag="240" ind1="1" ind2="0"><marc:subfield code="a">English and Chinese</marc:subfield></marc:datafield><marc:datafield tag="245" ind1="1" ind2="0"><marc:subfield code="a">[Esop's Fables, written in Chinese by ... Mun Mooy, and compiled ... with a free and literal translation, by his pupil Sloth [i.e. Robert Thom].]</marc:subfield></marc:datafield><marc:datafield tag="250" ind1=" " ind2=" "><marc:subfield code="a">[Another edition.] Compiled [by R. Thom and adapted by Alfred J. May] for the use of Chinese studying English and English studying Chinese. pt. 1.</marc:subfield></marc:datafield><marc:datafield tag="260" ind1=" " ind2=" "><marc:subfield code="a">Hongkong :</marc:subfield><marc:subfield code="b">'China Mail',</marc:subfield><marc:subfield code="c">1891.</marc:subfield></marc:datafield><marc:datafield tag="300" ind1=" " ind2=" "><marc:subfield code="c">8º.</marc:subfield></marc:datafield><marc:datafield tag="700" ind1="1" ind2=" "><marc:subfield code="a">THOM, Robert,</marc:subfield><marc:subfield code="c">Orientalist.</marc:subfield></marc:datafield><marc:datafield tag="787" ind1="0" ind2=" "><marc:subfield code="t">Esop's Fables, written in Chinese by ... Mun Mooy, and compiled ... with a free and literal translation, by his pupil Sloth [i.e. Robert Thom].</marc:subfield><marc:subfield code="d">pp. xxi. iv. [104]. Canton Press Office: [Canton,] 1840. fol.</marc:subfield><marc:subfield code="w">(Uk)MP1.0000026474</marc:subfield></marc:datafield><marc:datafield tag="852" ind1="4" ind2="1"><marc:subfield code="a">British Library</marc:subfield><marc:subfield code="b">OC</marc:subfield><marc:subfield code="j">11100.c.9.</marc:subfield></marc:datafield><marc:datafield tag="886" ind1="2" ind2=" "><marc:subfield code="2">blmarc</marc:subfield><marc:subfield code="a">709</marc:subfield><marc:subfield code="b">00</marc:subfield><marc:subfield code="a">THOM</marc:subfield><marc:subfield code="h">Robert</marc:subfield><marc:subfield code="f">Orientalist</marc:subfield><marc:subfield code="p">11100.c.9.</marc:subfield><marc:subfield code="x">324152034X</marc:subfield><marc:subfield code="p">825.kk.23.</marc:subfield><marc:subfield code="x">3241520331</marc:subfield></marc:datafield></marc:record>