
<marc:record><marc:leader>00792cam a22001813  4500</marc:leader>
<marc:controlfield tag="001">000023720</marc:controlfield>
<marc:controlfield tag="003">Uk</marc:controlfield><marc:controlfield tag="005">20120420175300.0</marc:controlfield><marc:controlfield tag="008">871006|1899|||||||    ||    |||| |||||  </marc:controlfield><marc:datafield tag="040" ind1=" " ind2=" "><marc:subfield code="a">Uk</marc:subfield><marc:subfield code="c">Uk</marc:subfield></marc:datafield><marc:datafield tag="100" ind1="0" ind2=" "><marc:subfield code="a">Aesop.</marc:subfield></marc:datafield><marc:datafield tag="240" ind1="1" ind2="0"><marc:subfield code="a">English and Chinese</marc:subfield></marc:datafield><marc:datafield tag="245" ind1="1" ind2="0"><marc:subfield code="a">[Esop's Fables, written in Chinese by ... Mun Mooy, and compiled ... with a free and literal translation, by his pupil Sloth [i.e. Robert Thom].]</marc:subfield></marc:datafield><marc:datafield tag="250" ind1=" " ind2=" "><marc:subfield code="a">Second and revised edition.</marc:subfield></marc:datafield><marc:datafield tag="260" ind1=" " ind2=" "><marc:subfield code="a">Hongkong,</marc:subfield><marc:subfield code="c">1899, 98.</marc:subfield></marc:datafield><marc:datafield tag="300" ind1=" " ind2=" "><marc:subfield code="a">2 pt. ;</marc:subfield><marc:subfield code="c">8º.</marc:subfield></marc:datafield><marc:datafield tag="787" ind1="0" ind2=" "><marc:subfield code="t">Esop's Fables, written in Chinese by ... Mun Mooy, and compiled ... with a free and literal translation, by his pupil Sloth [i.e. Robert Thom].</marc:subfield><marc:subfield code="d">pp. xxi. iv. [104]. Canton Press Office: [Canton,] 1840. fol.</marc:subfield><marc:subfield code="w">(Uk)MP1.0000026474</marc:subfield></marc:datafield><marc:datafield tag="852" ind1="4" ind2="1"><marc:subfield code="a">British Library</marc:subfield><marc:subfield code="b">OC</marc:subfield><marc:subfield code="j">11098.a.30.</marc:subfield></marc:datafield></marc:record>