
<marc:record><marc:leader>00750 am a22002053  4500</marc:leader>
<marc:controlfield tag="001">000023727</marc:controlfield>
<marc:controlfield tag="003">Uk</marc:controlfield><marc:controlfield tag="005">20091223215000.0</marc:controlfield><marc:controlfield tag="008">010511|1900|||||||    ||    |||| |||||  </marc:controlfield><marc:datafield tag="040" ind1=" " ind2=" "><marc:subfield code="a">Uk</marc:subfield><marc:subfield code="c">Uk</marc:subfield></marc:datafield><marc:datafield tag="100" ind1="0" ind2=" "><marc:subfield code="a">Aesop.</marc:subfield></marc:datafield><marc:datafield tag="240" ind1="1" ind2="0"><marc:subfield code="a">English and Irish</marc:subfield></marc:datafield><marc:datafield tag="245" ind1="1" ind2="0"><marc:subfield code="a">Aesop a tháinig go h-Éirinn ... Æsop's Fables in Irish. With English translation ... By the Rev. Peter O'Leary.</marc:subfield></marc:datafield><marc:datafield tag="260" ind1=" " ind2=" "><marc:subfield code="a">5 pt. pp. 80. Irish Book Co.: Dublin, 1900-02.</marc:subfield></marc:datafield><marc:datafield tag="300" ind1=" " ind2=" "><marc:subfield code="a">8º.</marc:subfield></marc:datafield><marc:datafield tag="490" ind1="0" ind2=" "><marc:subfield code="a">[Léighean Éirean Series. no. 1, 8, 9, 10, 11.]</marc:subfield></marc:datafield><marc:datafield tag="500" ind1=" " ind2=" "><marc:subfield code="a">Some of title transliterated from Irish script.</marc:subfield></marc:datafield><marc:datafield tag="700" ind1="1" ind2=" "><marc:subfield code="a">O'LEARY, Peter,</marc:subfield><marc:subfield code="c">R.C. Priest.</marc:subfield></marc:datafield><marc:datafield tag="852" ind1="4" ind2="1"><marc:subfield code="a">British Library</marc:subfield><marc:subfield code="b">HMNTS</marc:subfield><marc:subfield code="j">872.m.24.</marc:subfield></marc:datafield><marc:datafield tag="886" ind1="2" ind2=" "><marc:subfield code="2">blmarc</marc:subfield><marc:subfield code="a">709</marc:subfield><marc:subfield code="b">00</marc:subfield><marc:subfield code="a">O'LEARY</marc:subfield><marc:subfield code="h">Peter</marc:subfield><marc:subfield code="f">R.C. Priest</marc:subfield><marc:subfield code="p">872.m.</marc:subfield><marc:subfield code="x">2412040303</marc:subfield></marc:datafield></marc:record>