
<marc:record><marc:leader>01075cam a2200205 a 4500</marc:leader>
<marc:controlfield tag="001">000023730</marc:controlfield>
<marc:controlfield tag="003">Uk</marc:controlfield><marc:controlfield tag="005">20130828111058.0</marc:controlfield><marc:controlfield tag="008">871006s1853    ii            000 1 tamr </marc:controlfield><marc:datafield tag="040" ind1=" " ind2=" "><marc:subfield code="a">Uk</marc:subfield><marc:subfield code="b">eng</marc:subfield><marc:subfield code="c">Uk</marc:subfield><marc:subfield code="d">Uk</marc:subfield></marc:datafield><marc:datafield tag="100" ind1="0" ind2=" "><marc:subfield code="a">Aesop</marc:subfield></marc:datafield><marc:datafield tag="240" ind1="1" ind2="0"><marc:subfield code="a">English and Tamil</marc:subfield></marc:datafield><marc:datafield tag="245" ind1="1" ind2="0"><marc:subfield code="a">Æsop's Fables :</marc:subfield><marc:subfield code="b">containing instructive morals /</marc:subfield><marc:subfield code="c">Īsap ; Attippaṭṭu Capāpati Piḷḷai kumārar... Tiruvēṅkaṭapiḷḷaiyāl Tamiḻil moḻipeyarkkappaṭṭu Kūvamānakaram Irājā Cupparāya Mutaliyār avarkaḷāl paricōtikkappaṭṭatu.</marc:subfield></marc:datafield><marc:datafield tag="260" ind1=" " ind2=" "><marc:subfield code="a">Madras</marc:subfield><marc:subfield code="b">Attippaṭṭu Tiruvēṅlaṭa Piḷḷai</marc:subfield><marc:subfield code="c">1853</marc:subfield><marc:subfield code="f">(Meyñān̲aviḷakka Accukkūṭam)</marc:subfield></marc:datafield><marc:datafield tag="300" ind1=" " ind2=" "><marc:subfield code="a">260 p. ;</marc:subfield><marc:subfield code="c">23 cm.</marc:subfield></marc:datafield><marc:datafield tag="500" ind1=" " ind2=" "><marc:subfield code="a">Tamil translation of Aesop's fable, parallel with the version in English followed by lesson contained in each tale. Revised by C. Rajah Soobboroya Moodeliar</marc:subfield></marc:datafield><marc:datafield tag="650" ind1=" " ind2="0"><marc:subfield code="a">Fables, Greek</marc:subfield><marc:subfield code="v">Translations into Tamil</marc:subfield></marc:datafield><marc:datafield tag="700" ind1="1" ind2=" "><marc:subfield code="a">Tiruvēṅkaṭa Piḷḷai, Attippaṭṭu.</marc:subfield></marc:datafield><marc:datafield tag="700" ind1="1" ind2=" "><marc:subfield code="a">Irāja Cupparāya Mutaliyār, Kūvamānakaram.</marc:subfield></marc:datafield><marc:datafield tag="852" ind1="4" ind2="1"><marc:subfield code="a">British Library</marc:subfield><marc:subfield code="b">OC</marc:subfield><marc:subfield code="j">14170.k.32.</marc:subfield></marc:datafield></marc:record>