
<marc:record><marc:leader>00544cam a22001573  4500</marc:leader>
<marc:controlfield tag="001">000023820</marc:controlfield>
<marc:controlfield tag="003">Uk</marc:controlfield><marc:controlfield tag="005">20130627174000.0</marc:controlfield><marc:controlfield tag="008">871006|1884|||||||    ||    |||| ||lat  </marc:controlfield><marc:datafield tag="040" ind1=" " ind2=" "><marc:subfield code="a">Uk</marc:subfield><marc:subfield code="c">Uk</marc:subfield></marc:datafield><marc:datafield tag="100" ind1="0" ind2=" "><marc:subfield code="a">Aesop.</marc:subfield></marc:datafield><marc:datafield tag="240" ind1="1" ind2="0"><marc:subfield code="a">Latin. Anonymus Neveleti Collection</marc:subfield></marc:datafield><marc:datafield tag="245" ind1="1" ind2="0"><marc:subfield code="a">Gualteri Anglici Romuleæ fabulæ, e Romuli prosa in elegiacos versus versæ.</marc:subfield></marc:datafield><marc:datafield tag="260" ind1=" " ind2=" "><marc:subfield code="c">1884.</marc:subfield></marc:datafield><marc:datafield tag="580" ind1=" " ind2=" "><marc:subfield code="a">In : Hervieux (L.) Les Fabulistes latins, etc. (tom. 2. Phèdre et ses anciens imitateurs. tom. 2.) 1884, etc. 8º.</marc:subfield></marc:datafield><marc:datafield tag="852" ind1="4" ind2="1"><marc:subfield code="a">British Library</marc:subfield><marc:subfield code="b">HMNTS</marc:subfield><marc:subfield code="j">12304.i.10.</marc:subfield></marc:datafield></marc:record>