
<marc:record><marc:leader>00812cam a22001933  4500</marc:leader>
<marc:controlfield tag="001">000023915</marc:controlfield>
<marc:controlfield tag="003">Uk</marc:controlfield><marc:controlfield tag="005">20130627174000.0</marc:controlfield><marc:controlfield tag="008">030522|1838|||||||    ||    |||| ||eng  </marc:controlfield><marc:datafield tag="040" ind1=" " ind2=" "><marc:subfield code="a">Uk</marc:subfield><marc:subfield code="c">Uk</marc:subfield></marc:datafield><marc:datafield tag="100" ind1="0" ind2=" "><marc:subfield code="a">Aesop.</marc:subfield></marc:datafield><marc:datafield tag="240" ind1="1" ind2="0"><marc:subfield code="a">English. Collections</marc:subfield></marc:datafield><marc:datafield tag="245" ind1="1" ind2="0"><marc:subfield code="a">[Æsop's Fables. Accompanied by ... proverbs and moral maxims ... to each fable. [With woodcuts.]]</marc:subfield></marc:datafield><marc:datafield tag="250" ind1=" " ind2=" "><marc:subfield code="a">[Another edition]. Aesop's fables, for the instruction and improvement of youth.</marc:subfield></marc:datafield><marc:datafield tag="260" ind1=" " ind2=" "><marc:subfield code="a">London :</marc:subfield><marc:subfield code="b">printed by John McGowan,</marc:subfield><marc:subfield code="c">1838.</marc:subfield></marc:datafield><marc:datafield tag="300" ind1=" " ind2=" "><marc:subfield code="a">2 vol. :</marc:subfield><marc:subfield code="b">plates ;</marc:subfield><marc:subfield code="c">14 cm. (12º)</marc:subfield></marc:datafield><marc:datafield tag="500" ind1=" " ind2=" "><marc:subfield code="a">MS. verse tipped in.</marc:subfield></marc:datafield><marc:datafield tag="787" ind1="0" ind2=" "><marc:subfield code="t">Æsop's Fables. Accompanied by ... proverbs and moral maxims ... to each fable. [With woodcuts.]</marc:subfield><marc:subfield code="d">Dublin: W. Espy, 1824. pp. 180. 12º.</marc:subfield><marc:subfield code="w">(Uk)MP1.0000026648</marc:subfield></marc:datafield><marc:datafield tag="852" ind1="4" ind2="1"><marc:subfield code="a">British Library</marc:subfield><marc:subfield code="b">HMNTS</marc:subfield><marc:subfield code="j">RB.23.a.24013.</marc:subfield></marc:datafield></marc:record>