
<marc:record><marc:leader>01056cam a22002173  4500</marc:leader>
<marc:controlfield tag="001">000023919</marc:controlfield>
<marc:controlfield tag="003">Uk</marc:controlfield><marc:controlfield tag="005">20130627174000.0</marc:controlfield><marc:controlfield tag="008">871006|1848||||enk    ||    |||| ||eng  </marc:controlfield><marc:datafield tag="040" ind1=" " ind2=" "><marc:subfield code="a">Uk</marc:subfield><marc:subfield code="c">Uk</marc:subfield></marc:datafield><marc:datafield tag="100" ind1="0" ind2=" "><marc:subfield code="a">Aesop.</marc:subfield></marc:datafield><marc:datafield tag="240" ind1="1" ind2="0"><marc:subfield code="a">English. Collections</marc:subfield></marc:datafield><marc:datafield tag="245" ind1="1" ind2="0"><marc:subfield code="a">Æsop's Fables: a new version, chiefly from original sources, by the Rev. Thomas James ... With ... illustrations designed by John Tenniel.</marc:subfield></marc:datafield><marc:datafield tag="260" ind1=" " ind2=" "><marc:subfield code="a">London :</marc:subfield><marc:subfield code="b">John Murray,</marc:subfield><marc:subfield code="c">1848.</marc:subfield></marc:datafield><marc:datafield tag="300" ind1=" " ind2=" "><marc:subfield code="a">xxv, 232 p. ;</marc:subfield><marc:subfield code="c">8º.</marc:subfield></marc:datafield><marc:datafield tag="700" ind1="1" ind2=" "><marc:subfield code="a">JAMES, Thomas,</marc:subfield><marc:subfield code="c">Vicar of Sibbertoft.</marc:subfield></marc:datafield><marc:datafield tag="700" ind1="1" ind2=" "><marc:subfield code="a">Tenniel, John,</marc:subfield><marc:subfield code="d">1820-1914.</marc:subfield></marc:datafield><marc:datafield tag="775" ind1="0" ind2=" "><marc:subfield code="t">[Æsop's Fables: a new version, chiefly from original sources, by the Rev. Thomas James ... With ... illustrations designed by John Tenniel.]</marc:subfield><marc:subfield code="d">pp. xx. 148. John Murray: London, 1852. 8º.</marc:subfield><marc:subfield code="w">(Uk)MP1.0000026652.1</marc:subfield></marc:datafield><marc:datafield tag="852" ind1="4" ind2="1"><marc:subfield code="a">British Library</marc:subfield><marc:subfield code="b">HMNTS</marc:subfield><marc:subfield code="j">12305.e.32.</marc:subfield></marc:datafield><marc:datafield tag="886" ind1="2" ind2=" "><marc:subfield code="2">blmarc</marc:subfield><marc:subfield code="a">709</marc:subfield><marc:subfield code="b">00</marc:subfield><marc:subfield code="a">JAMES</marc:subfield><marc:subfield code="h">Thomas</marc:subfield><marc:subfield code="f">Vicar of Sibbertoft</marc:subfield><marc:subfield code="p">1155.c.3.</marc:subfield><marc:subfield code="x">1632190206</marc:subfield><marc:subfield code="p">12305.e.32.</marc:subfield><marc:subfield code="x">1632190206</marc:subfield></marc:datafield><marc:datafield tag="886" ind1="2" ind2=" "><marc:subfield code="2">blmarc</marc:subfield><marc:subfield code="a">709</marc:subfield><marc:subfield code="b">00</marc:subfield><marc:subfield code="a">TENNIEL</marc:subfield><marc:subfield code="e">Sir</marc:subfield><marc:subfield code="h">John</marc:subfield><marc:subfield code="p">1155.c.3.</marc:subfield><marc:subfield code="x">3223740031</marc:subfield><marc:subfield code="p">12305.e.32.</marc:subfield><marc:subfield code="x">3223740031</marc:subfield></marc:datafield></marc:record>