
<marc:record><marc:leader>00871cam a22002293  4500</marc:leader>
<marc:controlfield tag="001">000023929</marc:controlfield>
<marc:controlfield tag="003">Uk</marc:controlfield><marc:controlfield tag="005">20130627174000.0</marc:controlfield><marc:controlfield tag="008">871006|1867|||||||    ||    |||| ||eng  </marc:controlfield><marc:datafield tag="040" ind1=" " ind2=" "><marc:subfield code="a">Uk</marc:subfield><marc:subfield code="c">Uk</marc:subfield></marc:datafield><marc:datafield tag="100" ind1="0" ind2=" "><marc:subfield code="a">Aesop.</marc:subfield></marc:datafield><marc:datafield tag="240" ind1="1" ind2="0"><marc:subfield code="a">English. Collections</marc:subfield></marc:datafield><marc:datafield tag="245" ind1="1" ind2="0"><marc:subfield code="a">Æsop's Fables. A new edition, edited by Edward Garrett ... With ... illustrations by J. Wolf, J. B. Zwecker, and T. Dalziel.</marc:subfield></marc:datafield><marc:datafield tag="260" ind1=" " ind2=" "><marc:subfield code="a">London :</marc:subfield><marc:subfield code="b">Alexander Strahan,</marc:subfield><marc:subfield code="c">1867.</marc:subfield></marc:datafield><marc:datafield tag="300" ind1=" " ind2=" "><marc:subfield code="a">xii, 148 p. ;</marc:subfield><marc:subfield code="c">16º.</marc:subfield></marc:datafield><marc:datafield tag="700" ind1="1" ind2=" "><marc:subfield code="a">GARRETT, Edward,</marc:subfield><marc:subfield code="c">M.A.</marc:subfield></marc:datafield><marc:datafield tag="700" ind1="1" ind2=" "><marc:subfield code="a">WOLF, Joseph</marc:subfield><marc:subfield code="c">(Artist)</marc:subfield></marc:datafield><marc:datafield tag="700" ind1="1" ind2=" "><marc:subfield code="a">ZWECKER, John Baptist.</marc:subfield></marc:datafield><marc:datafield tag="852" ind1="4" ind2="1"><marc:subfield code="a">British Library</marc:subfield><marc:subfield code="b">HMNTS</marc:subfield><marc:subfield code="j">12304.aa.42.</marc:subfield></marc:datafield><marc:datafield tag="886" ind1="2" ind2=" "><marc:subfield code="2">blmarc</marc:subfield><marc:subfield code="a">709</marc:subfield><marc:subfield code="b">00</marc:subfield><marc:subfield code="a">GARRETT</marc:subfield><marc:subfield code="h">Edward</marc:subfield><marc:subfield code="f">M.A.</marc:subfield><marc:subfield code="p">12304.aa.42.</marc:subfield><marc:subfield code="x">1202190170</marc:subfield></marc:datafield><marc:datafield tag="886" ind1="2" ind2=" "><marc:subfield code="2">blmarc</marc:subfield><marc:subfield code="a">709</marc:subfield><marc:subfield code="b">00</marc:subfield><marc:subfield code="a">WOLF</marc:subfield><marc:subfield code="h">Joseph</marc:subfield><marc:subfield code="f">Artist</marc:subfield><marc:subfield code="p">12304.aa.42.</marc:subfield><marc:subfield code="x">3542570109</marc:subfield></marc:datafield><marc:datafield tag="886" ind1="2" ind2=" "><marc:subfield code="2">blmarc</marc:subfield><marc:subfield code="a">709</marc:subfield><marc:subfield code="b">00</marc:subfield><marc:subfield code="a">ZWECKER</marc:subfield><marc:subfield code="h">John Baptist</marc:subfield><marc:subfield code="p">12304.aa.42.</marc:subfield><marc:subfield code="x">3604170125</marc:subfield></marc:datafield></marc:record>