
<marc:record><marc:leader>00915cam a22002293  4500</marc:leader>
<marc:controlfield tag="001">000023930</marc:controlfield>
<marc:controlfield tag="003">Uk</marc:controlfield><marc:controlfield tag="005">20130627174000.0</marc:controlfield><marc:controlfield tag="008">871006|1867||||enk    ||    |||| ||eng  </marc:controlfield><marc:datafield tag="040" ind1=" " ind2=" "><marc:subfield code="a">Uk</marc:subfield><marc:subfield code="c">Uk</marc:subfield></marc:datafield><marc:datafield tag="100" ind1="0" ind2=" "><marc:subfield code="a">Aesop.</marc:subfield></marc:datafield><marc:datafield tag="240" ind1="1" ind2="0"><marc:subfield code="a">English. Collections</marc:subfield></marc:datafield><marc:datafield tag="245" ind1="1" ind2="0"><marc:subfield code="a">Three Hundred Æsop's Fables. Literally translated from the Greek, by the Rev. Geo. Fyler Townsend ... With one hundred and fourteen illustrations designed by Harrison Weir, etc.</marc:subfield></marc:datafield><marc:datafield tag="260" ind1=" " ind2=" "><marc:subfield code="a">London :</marc:subfield><marc:subfield code="b">G. Routledge &amp; Sons,</marc:subfield><marc:subfield code="c">1867.</marc:subfield></marc:datafield><marc:datafield tag="300" ind1=" " ind2=" "><marc:subfield code="a">xxxii, 224 p. ;</marc:subfield><marc:subfield code="c">8º.</marc:subfield></marc:datafield><marc:datafield tag="700" ind1="1" ind2=" "><marc:subfield code="a">GREENAWAY, J.</marc:subfield></marc:datafield><marc:datafield tag="700" ind1="1" ind2=" "><marc:subfield code="a">TOWNSEND, George Fyler.</marc:subfield></marc:datafield><marc:datafield tag="700" ind1="1" ind2=" "><marc:subfield code="a">Weir, Harrison,</marc:subfield><marc:subfield code="d">1824-1906.</marc:subfield></marc:datafield><marc:datafield tag="852" ind1="4" ind2="1"><marc:subfield code="a">British Library</marc:subfield><marc:subfield code="b">HMNTS</marc:subfield><marc:subfield code="j">12304.bbb.33.</marc:subfield></marc:datafield><marc:datafield tag="886" ind1="2" ind2=" "><marc:subfield code="2">blmarc</marc:subfield><marc:subfield code="a">709</marc:subfield><marc:subfield code="b">00</marc:subfield><marc:subfield code="a">GREENAWAY</marc:subfield><marc:subfield code="h">J.</marc:subfield><marc:subfield code="p">12304.bbb.33.</marc:subfield><marc:subfield code="x">1314270087</marc:subfield></marc:datafield><marc:datafield tag="886" ind1="2" ind2=" "><marc:subfield code="2">blmarc</marc:subfield><marc:subfield code="a">709</marc:subfield><marc:subfield code="b">00</marc:subfield><marc:subfield code="a">TOWNSEND</marc:subfield><marc:subfield code="h">George Fyler</marc:subfield><marc:subfield code="p">12304.bbb.33.</marc:subfield><marc:subfield code="x">3282620217</marc:subfield></marc:datafield><marc:datafield tag="886" ind1="2" ind2=" "><marc:subfield code="2">blmarc</marc:subfield><marc:subfield code="a">709</marc:subfield><marc:subfield code="b">00</marc:subfield><marc:subfield code="a">WEIR</marc:subfield><marc:subfield code="h">Harrison</marc:subfield><marc:subfield code="p">12304.bbb.33.</marc:subfield><marc:subfield code="x">3472830085</marc:subfield></marc:datafield></marc:record>