
<marc:record><marc:leader>00898cam a22002053  4500</marc:leader>
<marc:controlfield tag="001">000023940</marc:controlfield>
<marc:controlfield tag="003">Uk</marc:controlfield><marc:controlfield tag="005">20130627174000.0</marc:controlfield><marc:controlfield tag="008">871006|1879|||||||    ||    |||| ||eng  </marc:controlfield><marc:datafield tag="040" ind1=" " ind2=" "><marc:subfield code="a">Uk</marc:subfield><marc:subfield code="c">Uk</marc:subfield></marc:datafield><marc:datafield tag="100" ind1="0" ind2=" "><marc:subfield code="a">Aesop.</marc:subfield></marc:datafield><marc:datafield tag="240" ind1="1" ind2="0"><marc:subfield code="a">English. Collections</marc:subfield></marc:datafield><marc:datafield tag="245" ind1="1" ind2="0"><marc:subfield code="a">Fables of Aesop and other Eminent Mythologists: with morals and reflections. By Sir Roger L'Estrange, Kt. The third edition corrected and amended. [A facsimile of the edition of 1669.]</marc:subfield></marc:datafield><marc:datafield tag="260" ind1=" " ind2=" "><marc:subfield code="a">London :</marc:subfield><marc:subfield code="b">John Gray &amp; Co.,</marc:subfield><marc:subfield code="c">[1879, 80]</marc:subfield></marc:datafield><marc:datafield tag="300" ind1=" " ind2=" "><marc:subfield code="a">476 p. ;</marc:subfield><marc:subfield code="c">fol.</marc:subfield></marc:datafield><marc:datafield tag="500" ind1=" " ind2=" "><marc:subfield code="a">Published in parts.</marc:subfield></marc:datafield><marc:datafield tag="700" ind1="1" ind2=" "><marc:subfield code="a">L'Estrange, Roger,</marc:subfield><marc:subfield code="c">Sir,</marc:subfield><marc:subfield code="d">1616-1704.</marc:subfield></marc:datafield><marc:datafield tag="852" ind1="4" ind2="1"><marc:subfield code="a">British Library</marc:subfield><marc:subfield code="b">HMNTS</marc:subfield><marc:subfield code="j">X.902/112.</marc:subfield></marc:datafield><marc:datafield tag="852" ind1="4" ind2="1"><marc:subfield code="a">British Library</marc:subfield><marc:subfield code="b">HMNTS</marc:subfield><marc:subfield code="j">12305.m.7.</marc:subfield><marc:subfield code="3">[Another copy of pt. 1-3, pp. 1-96.] Fables of Æsop and other Eminent Mythologists, etc. London, [1879.] fol.</marc:subfield></marc:datafield><marc:datafield tag="886" ind1="2" ind2=" "><marc:subfield code="2">blmarc</marc:subfield><marc:subfield code="a">709</marc:subfield><marc:subfield code="b">00</marc:subfield><marc:subfield code="a">L'ESTRANGE</marc:subfield><marc:subfield code="e">Sir</marc:subfield><marc:subfield code="h">Roger</marc:subfield><marc:subfield code="p">X.902/112.</marc:subfield><marc:subfield code="x">190254031X</marc:subfield></marc:datafield></marc:record>