
<marc:record><marc:leader>00974cam a22002173  4500</marc:leader>
<marc:controlfield tag="001">000023946</marc:controlfield>
<marc:controlfield tag="003">Uk</marc:controlfield><marc:controlfield tag="005">20130615210800.0</marc:controlfield><marc:controlfield tag="008">871006|1889|||||||    ||    |||| ||eng  </marc:controlfield><marc:datafield tag="040" ind1=" " ind2=" "><marc:subfield code="a">Uk</marc:subfield><marc:subfield code="c">Uk</marc:subfield></marc:datafield><marc:datafield tag="100" ind1="0" ind2=" "><marc:subfield code="a">Aesop.</marc:subfield></marc:datafield><marc:datafield tag="240" ind1="1" ind2="0"><marc:subfield code="a">English. Collections</marc:subfield></marc:datafield><marc:datafield tag="245" ind1="1" ind2="4"><marc:subfield code="a">The Fables of Aesop as first printed by William Caxton in 1484 with those of Avian, Alfonso and Poggio, now again edited and induced by Joseph Jacobs.</marc:subfield></marc:datafield><marc:datafield tag="260" ind1=" " ind2=" "><marc:subfield code="a">London :</marc:subfield><marc:subfield code="b">David Nutt,</marc:subfield><marc:subfield code="c">1889.</marc:subfield></marc:datafield><marc:datafield tag="300" ind1=" " ind2=" "><marc:subfield code="a">2 pt. ;</marc:subfield><marc:subfield code="c">8º.</marc:subfield></marc:datafield><marc:datafield tag="490" ind1="0" ind2=" "><marc:subfield code="a">[Bibliothèque de Carabas Series. vol. 4, 5.]</marc:subfield></marc:datafield><marc:datafield tag="700" ind1="1" ind2=" "><marc:subfield code="a">Caxton, William,</marc:subfield><marc:subfield code="d">approximately 1422-1491 or 1492.</marc:subfield><marc:subfield code="t">Works translated, edited, etc., by Caxton. Fables of Aesop.</marc:subfield></marc:datafield><marc:datafield tag="700" ind1="1" ind2=" "><marc:subfield code="a">Jacobs, Joseph,</marc:subfield><marc:subfield code="d">1854-1916.</marc:subfield></marc:datafield><marc:datafield tag="852" ind1="4" ind2="1"><marc:subfield code="a">British Library</marc:subfield><marc:subfield code="b">HMNTS</marc:subfield><marc:subfield code="j">12202.ff.1.</marc:subfield></marc:datafield><marc:datafield tag="886" ind1="2" ind2=" "><marc:subfield code="2">blmarc</marc:subfield><marc:subfield code="a">709</marc:subfield><marc:subfield code="b">00</marc:subfield><marc:subfield code="a">CAXTON</marc:subfield><marc:subfield code="h">William</marc:subfield><marc:subfield code="t">Works translated, edited, etc., by Caxton</marc:subfield><marc:subfield code="t">Fables of Aesop</marc:subfield><marc:subfield code="p">12202.ff.1.</marc:subfield><marc:subfield code="x">0565050133</marc:subfield></marc:datafield><marc:datafield tag="886" ind1="2" ind2=" "><marc:subfield code="2">blmarc</marc:subfield><marc:subfield code="a">709</marc:subfield><marc:subfield code="b">00</marc:subfield><marc:subfield code="a">JACOBS</marc:subfield><marc:subfield code="h">Joseph</marc:subfield><marc:subfield code="f">D. Litt.</marc:subfield><marc:subfield code="p">12202.ff.1.</marc:subfield><marc:subfield code="x">1622660226</marc:subfield></marc:datafield></marc:record>