
<marc:record><marc:leader>01016cam a22002293  4500</marc:leader>
<marc:controlfield tag="001">000024004</marc:controlfield>
<marc:controlfield tag="003">Uk</marc:controlfield><marc:controlfield tag="005">20130723172100.0</marc:controlfield><marc:controlfield tag="008">871006|1800|||||||    ||    |||| ||eng  </marc:controlfield><marc:datafield tag="040" ind1=" " ind2=" "><marc:subfield code="a">Uk</marc:subfield><marc:subfield code="c">Uk</marc:subfield></marc:datafield><marc:datafield tag="100" ind1="0" ind2=" "><marc:subfield code="a">Aesop.</marc:subfield></marc:datafield><marc:datafield tag="240" ind1="1" ind2="0"><marc:subfield code="a">English. Selections</marc:subfield></marc:datafield><marc:datafield tag="245" ind1="1" ind2="0"><marc:subfield code="a">[Select Fables of Esop ... A new edition, corrected and revised.]</marc:subfield></marc:datafield><marc:datafield tag="250" ind1=" " ind2=" "><marc:subfield code="a">[Another edition.]</marc:subfield></marc:datafield><marc:datafield tag="260" ind1=" " ind2=" "><marc:subfield code="a">London :</marc:subfield><marc:subfield code="b">W. Osborne ;</marc:subfield><marc:subfield code="a">Gainsborough :</marc:subfield><marc:subfield code="b">J. &amp; H. Mozley,</marc:subfield><marc:subfield code="c">[1800?]</marc:subfield></marc:datafield><marc:datafield tag="260" ind1=" " ind2=" "><marc:subfield code="a">London :</marc:subfield><marc:subfield code="b">W. Osborne ;</marc:subfield><marc:subfield code="a">Gainsborough :</marc:subfield><marc:subfield code="b">J. &amp; H. Mozley,</marc:subfield><marc:subfield code="c">[1800?]</marc:subfield></marc:datafield><marc:datafield tag="300" ind1=" " ind2=" "><marc:subfield code="a">xlviii, 228 p. ;</marc:subfield><marc:subfield code="c">8º.</marc:subfield></marc:datafield><marc:datafield tag="300" ind1=" " ind2=" "><marc:subfield code="a">xlviii, 228 p. ;</marc:subfield><marc:subfield code="c">8º.</marc:subfield></marc:datafield><marc:datafield tag="700" ind1="1" ind2=" "><marc:subfield code="a">Dodsley, Robert,</marc:subfield><marc:subfield code="d">1703-1764.</marc:subfield><marc:subfield code="t">Works edited or translated by R. Dodsley.</marc:subfield></marc:datafield><marc:datafield tag="787" ind1="0" ind2=" "><marc:subfield code="t">Select Fables of Esop ... A new edition, corrected and revised.</marc:subfield><marc:subfield code="d">pp. xlviii. 186. C. Dilly: London, 1798. 12º.</marc:subfield><marc:subfield code="w">(Uk)MP1.0000026729</marc:subfield></marc:datafield><marc:datafield tag="852" ind1="4" ind2="1"><marc:subfield code="a">British Library</marc:subfield><marc:subfield code="b">HMNTS</marc:subfield><marc:subfield code="j">12304.bb.35.</marc:subfield></marc:datafield><marc:datafield tag="886" ind1="2" ind2=" "><marc:subfield code="2">blmarc</marc:subfield><marc:subfield code="a">709</marc:subfield><marc:subfield code="b">00</marc:subfield><marc:subfield code="a">DODSLEY</marc:subfield><marc:subfield code="h">Robert</marc:subfield><marc:subfield code="t">Works edited or translated by R. Dodsley</marc:subfield><marc:subfield code="p">12304.bb.35.</marc:subfield><marc:subfield code="x">0850800056</marc:subfield><marc:subfield code="p">12304.cc.33.</marc:subfield><marc:subfield code="x">0850800048</marc:subfield></marc:datafield></marc:record>