
<marc:record><marc:leader>00786cam a22001813  4500</marc:leader>
<marc:controlfield tag="001">000024013</marc:controlfield>
<marc:controlfield tag="003">Uk</marc:controlfield><marc:controlfield tag="005">20130627174000.0</marc:controlfield><marc:controlfield tag="008">871006|1820|||||||    ||    |||| ||eng  </marc:controlfield><marc:datafield tag="040" ind1=" " ind2=" "><marc:subfield code="a">Uk</marc:subfield><marc:subfield code="c">Uk</marc:subfield></marc:datafield><marc:datafield tag="100" ind1="0" ind2=" "><marc:subfield code="a">Aesop.</marc:subfield></marc:datafield><marc:datafield tag="240" ind1="1" ind2="0"><marc:subfield code="a">English. Selections</marc:subfield></marc:datafield><marc:datafield tag="245" ind1="1" ind2="0"><marc:subfield code="a">Select Fables of Esop and other Fabulists. In three books. Ancient, modern, and original. By [or rather, partly collected and translated, partly written, by] R. Dodsley ... A new edition. [With illustrations.]</marc:subfield></marc:datafield><marc:datafield tag="260" ind1=" " ind2=" "><marc:subfield code="a">pp. 186. T. Hughes: London, [c.1820.]</marc:subfield></marc:datafield><marc:datafield tag="300" ind1=" " ind2=" "><marc:subfield code="a">8º.</marc:subfield></marc:datafield><marc:datafield tag="700" ind1="1" ind2=" "><marc:subfield code="a">Dodsley, Robert,</marc:subfield><marc:subfield code="d">1703-1764.</marc:subfield><marc:subfield code="t">Works edited or translated by R. Dodsley.</marc:subfield></marc:datafield><marc:datafield tag="852" ind1="4" ind2="1"><marc:subfield code="a">British Library</marc:subfield><marc:subfield code="b">HMNTS</marc:subfield><marc:subfield code="j">012305.l.72.</marc:subfield></marc:datafield><marc:datafield tag="886" ind1="2" ind2=" "><marc:subfield code="2">blmarc</marc:subfield><marc:subfield code="a">709</marc:subfield><marc:subfield code="b">00</marc:subfield><marc:subfield code="a">DODSLEY</marc:subfield><marc:subfield code="h">Robert</marc:subfield><marc:subfield code="t">Works edited or translated by R. Dodsley</marc:subfield><marc:subfield code="p">012305.l.72.</marc:subfield><marc:subfield code="x">0850800099</marc:subfield></marc:datafield></marc:record>