
<marc:record><marc:leader>00815cam a22001933  4500</marc:leader>
<marc:controlfield tag="001">000024015</marc:controlfield>
<marc:controlfield tag="003">Uk</marc:controlfield><marc:controlfield tag="005">20130627174000.0</marc:controlfield><marc:controlfield tag="008">010626|1820|||||||    ||    |||| ||eng  </marc:controlfield><marc:datafield tag="040" ind1=" " ind2=" "><marc:subfield code="a">Uk</marc:subfield><marc:subfield code="c">Uk</marc:subfield></marc:datafield><marc:datafield tag="100" ind1="0" ind2=" "><marc:subfield code="a">Aesop.</marc:subfield></marc:datafield><marc:datafield tag="240" ind1="1" ind2="0"><marc:subfield code="a">English. Selections</marc:subfield></marc:datafield><marc:datafield tag="245" ind1="1" ind2="0"><marc:subfield code="a">Æsop in rhyme, with some originals. By Jefferys Taylor ... With an engraving to each fable.</marc:subfield></marc:datafield><marc:datafield tag="260" ind1=" " ind2=" "><marc:subfield code="a">pp. iv. 127. Baldwin, Cradock &amp; Joy: London, 1820.</marc:subfield></marc:datafield><marc:datafield tag="300" ind1=" " ind2=" "><marc:subfield code="a">12º.</marc:subfield></marc:datafield><marc:datafield tag="700" ind1="1" ind2=" "><marc:subfield code="a">TAYLOR, Jefferys.</marc:subfield></marc:datafield><marc:datafield tag="775" ind1="0" ind2=" "><marc:subfield code="t">[Æsop in rhyme, with some originals. By Jefferys Taylor ... With an engraving to each fable.]</marc:subfield><marc:subfield code="d">London: printed for Baldwin and Cradock, 1828. iv, 127, [1]p., [36] leaves of plates. (12º); 17 cm.</marc:subfield><marc:subfield code="w">(Uk)MP1.0000026740.1</marc:subfield></marc:datafield><marc:datafield tag="852" ind1="4" ind2="1"><marc:subfield code="a">British Library</marc:subfield><marc:subfield code="b">HMNTS</marc:subfield><marc:subfield code="j">637.e.3.</marc:subfield></marc:datafield><marc:datafield tag="886" ind1="2" ind2=" "><marc:subfield code="2">blmarc</marc:subfield><marc:subfield code="a">709</marc:subfield><marc:subfield code="b">00</marc:subfield><marc:subfield code="a">TAYLOR</marc:subfield><marc:subfield code="h">Jefferys</marc:subfield><marc:subfield code="p">637.e.3.</marc:subfield><marc:subfield code="x">3214150014</marc:subfield></marc:datafield></marc:record>