
<marc:record><marc:leader>00817cam a22001933  4500</marc:leader>
<marc:controlfield tag="001">000024016</marc:controlfield>
<marc:controlfield tag="003">Uk</marc:controlfield><marc:controlfield tag="005">20130627174000.0</marc:controlfield><marc:controlfield tag="008">010626|1828|||||||    ||    |||| ||eng  </marc:controlfield><marc:datafield tag="040" ind1=" " ind2=" "><marc:subfield code="a">Uk</marc:subfield><marc:subfield code="c">Uk</marc:subfield></marc:datafield><marc:datafield tag="100" ind1="0" ind2=" "><marc:subfield code="a">Aesop.</marc:subfield></marc:datafield><marc:datafield tag="240" ind1="1" ind2="0"><marc:subfield code="a">English. Selections</marc:subfield></marc:datafield><marc:datafield tag="245" ind1="1" ind2="0"><marc:subfield code="a">[Æsop in rhyme, with some originals. By Jefferys Taylor ... With an engraving to each fable.]</marc:subfield></marc:datafield><marc:datafield tag="250" ind1=" " ind2=" "><marc:subfield code="a">The third edition.</marc:subfield></marc:datafield><marc:datafield tag="260" ind1=" " ind2=" "><marc:subfield code="a">London :</marc:subfield><marc:subfield code="b">printed for Baldwin and Cradock,</marc:subfield><marc:subfield code="c">1828.</marc:subfield></marc:datafield><marc:datafield tag="300" ind1=" " ind2=" "><marc:subfield code="a">iv, 127, [1] p., [36] leaves of plates ;</marc:subfield><marc:subfield code="c">17 cm. (12º)</marc:subfield></marc:datafield><marc:datafield tag="500" ind1=" " ind2=" "><marc:subfield code="a">MS. ownership inscription: George Farber, 1835.</marc:subfield></marc:datafield><marc:datafield tag="787" ind1="0" ind2=" "><marc:subfield code="t">Æsop in rhyme, with some originals. By Jefferys Taylor ... With an engraving to each fable.</marc:subfield><marc:subfield code="d">pp. iv. 127. Baldwin, Cradock &amp; Joy: London, 1820. 12º.</marc:subfield><marc:subfield code="w">(Uk)MP1.0000026740</marc:subfield></marc:datafield><marc:datafield tag="852" ind1="4" ind2="1"><marc:subfield code="a">British Library</marc:subfield><marc:subfield code="b">HMNTS</marc:subfield><marc:subfield code="j">RB.23.a.22155.</marc:subfield></marc:datafield></marc:record>