
<marc:record><marc:leader>00563cam a22001813  4500</marc:leader>
<marc:controlfield tag="001">000024031</marc:controlfield>
<marc:controlfield tag="003">Uk</marc:controlfield><marc:controlfield tag="005">20130522192300.0</marc:controlfield><marc:controlfield tag="008">871006|1872||||enk    ||    |||| ||eng  </marc:controlfield><marc:datafield tag="040" ind1=" " ind2=" "><marc:subfield code="a">Uk</marc:subfield><marc:subfield code="c">Uk</marc:subfield></marc:datafield><marc:datafield tag="100" ind1="0" ind2=" "><marc:subfield code="a">Aesop.</marc:subfield></marc:datafield><marc:datafield tag="240" ind1="1" ind2="0"><marc:subfield code="a">English. Selections</marc:subfield></marc:datafield><marc:datafield tag="245" ind1="1" ind2="4"><marc:subfield code="a">The Word-Picture Fable Book; or, Old Æsop in a new dress. [By “Uncle William.”]</marc:subfield></marc:datafield><marc:datafield tag="260" ind1=" " ind2=" "><marc:subfield code="a">London :</marc:subfield><marc:subfield code="b">T. Nelson &amp; Sons,</marc:subfield><marc:subfield code="c">1872.</marc:subfield></marc:datafield><marc:datafield tag="300" ind1=" " ind2=" "><marc:subfield code="a">83 p. ;</marc:subfield><marc:subfield code="c">4º.</marc:subfield></marc:datafield><marc:datafield tag="720" ind1=" " ind2=" "><marc:subfield code="a">WILLIAM, Uncle</marc:subfield></marc:datafield><marc:datafield tag="852" ind1="4" ind2="1"><marc:subfield code="a">British Library</marc:subfield><marc:subfield code="b">HMNTS</marc:subfield><marc:subfield code="j">12304.h.9.</marc:subfield></marc:datafield><marc:datafield tag="886" ind1="2" ind2=" "><marc:subfield code="2">blmarc</marc:subfield><marc:subfield code="a">709</marc:subfield><marc:subfield code="b">00</marc:subfield><marc:subfield code="a">WILLIAM, Uncle</marc:subfield><marc:subfield code="p">12304.h.9.</marc:subfield><marc:subfield code="x">351420005X</marc:subfield></marc:datafield></marc:record>