
<marc:record><marc:leader>00985cam a22002293  4500</marc:leader>
<marc:controlfield tag="001">000024034</marc:controlfield>
<marc:controlfield tag="003">Uk</marc:controlfield><marc:controlfield tag="005">20130708175300.0</marc:controlfield><marc:controlfield tag="008">991214|1878||||enk    ||    |||| ||eng  </marc:controlfield><marc:datafield tag="040" ind1=" " ind2=" "><marc:subfield code="a">Uk</marc:subfield><marc:subfield code="c">Uk</marc:subfield></marc:datafield><marc:datafield tag="100" ind1="0" ind2=" "><marc:subfield code="a">Aesop.</marc:subfield></marc:datafield><marc:datafield tag="240" ind1="1" ind2="0"><marc:subfield code="a">English. Selections</marc:subfield></marc:datafield><marc:datafield tag="245" ind1="1" ind2="0"><marc:subfield code="a">Bewick's Select Fables of Æsop and others, etc.</marc:subfield></marc:datafield><marc:datafield tag="260" ind1=" " ind2=" "><marc:subfield code="a">London :</marc:subfield><marc:subfield code="b">Longman &amp; Co.,</marc:subfield><marc:subfield code="c">[1878]</marc:subfield></marc:datafield><marc:datafield tag="300" ind1=" " ind2=" "><marc:subfield code="a">xl, 312 p. ;</marc:subfield><marc:subfield code="c">8º.</marc:subfield></marc:datafield><marc:datafield tag="500" ind1=" " ind2=" "><marc:subfield code="a">Previously published 1871.</marc:subfield></marc:datafield><marc:datafield tag="700" ind1="1" ind2=" "><marc:subfield code="a">Bewick, Thomas,</marc:subfield><marc:subfield code="d">1753-1828.</marc:subfield><marc:subfield code="t">Works written and works containing illustrations by T. Bewick.</marc:subfield></marc:datafield><marc:datafield tag="700" ind1="1" ind2=" "><marc:subfield code="a">PEARSON, Edwin.</marc:subfield></marc:datafield><marc:datafield tag="775" ind1="0" ind2=" "><marc:subfield code="t">[Bewick's Select Fables of Æsop and others, etc.]</marc:subfield><marc:subfield code="d">pp. xl. 384. Privately printed: Edinburgh, 1879. 4º.</marc:subfield><marc:subfield code="w">(Uk)MP1.0000026758.1</marc:subfield></marc:datafield><marc:datafield tag="852" ind1="4" ind2="1"><marc:subfield code="a">British Library</marc:subfield><marc:subfield code="b">HMNTS</marc:subfield><marc:subfield code="j">12304.h.8.</marc:subfield></marc:datafield><marc:datafield tag="886" ind1="2" ind2=" "><marc:subfield code="2">blmarc</marc:subfield><marc:subfield code="a">709</marc:subfield><marc:subfield code="b">00</marc:subfield><marc:subfield code="a">BEWICK</marc:subfield><marc:subfield code="h">Thomas</marc:subfield><marc:subfield code="t">Works written and works containing illustrations by T. Bewick</marc:subfield><marc:subfield code="p">12304.h.8.</marc:subfield><marc:subfield code="x">0281340218</marc:subfield><marc:subfield code="p">559*.d.27.</marc:subfield><marc:subfield code="x">0281340218</marc:subfield></marc:datafield><marc:datafield tag="886" ind1="2" ind2=" "><marc:subfield code="2">blmarc</marc:subfield><marc:subfield code="a">709</marc:subfield><marc:subfield code="b">00</marc:subfield><marc:subfield code="a">PEARSON</marc:subfield><marc:subfield code="h">Edwin</marc:subfield><marc:subfield code="p">12304.h.8.</marc:subfield><marc:subfield code="x">2501450000</marc:subfield></marc:datafield></marc:record>