
<marc:record><marc:leader>01117cam a22002173  4500</marc:leader>
<marc:controlfield tag="001">000024035</marc:controlfield>
<marc:controlfield tag="003">Uk</marc:controlfield><marc:controlfield tag="005">20130627174000.0</marc:controlfield><marc:controlfield tag="008">991214|1879|||||||    ||    |||| ||eng  </marc:controlfield><marc:datafield tag="040" ind1=" " ind2=" "><marc:subfield code="a">Uk</marc:subfield><marc:subfield code="c">Uk</marc:subfield></marc:datafield><marc:datafield tag="100" ind1="0" ind2=" "><marc:subfield code="a">Aesop.</marc:subfield></marc:datafield><marc:datafield tag="240" ind1="1" ind2="0"><marc:subfield code="a">English. Selections</marc:subfield></marc:datafield><marc:datafield tag="245" ind1="1" ind2="0"><marc:subfield code="a">[Bewick's Select Fables of Æsop and others, etc.]</marc:subfield></marc:datafield><marc:datafield tag="250" ind1=" " ind2=" "><marc:subfield code="a">[Another edition.] To which are added Select supplementary illustrations of Bewick's genius. F.P.</marc:subfield></marc:datafield><marc:datafield tag="260" ind1=" " ind2=" "><marc:subfield code="a">Edinburgh :</marc:subfield><marc:subfield code="b">Privately printed,</marc:subfield><marc:subfield code="c">1879.</marc:subfield></marc:datafield><marc:datafield tag="300" ind1=" " ind2=" "><marc:subfield code="a">xl, 384 p. ;</marc:subfield><marc:subfield code="c">4º.</marc:subfield></marc:datafield><marc:datafield tag="500" ind1=" " ind2=" "><marc:subfield code="a">No. 74 of 100 copies printed. A reissue of the edition of London, 1871. 4º; with new portraits, and the addition of the supplementary illustrations.</marc:subfield></marc:datafield><marc:datafield tag="700" ind1="1" ind2=" "><marc:subfield code="a">Bewick, Thomas,</marc:subfield><marc:subfield code="d">1753-1828.</marc:subfield><marc:subfield code="t">Works written and works containing illustrations by T. Bewick.</marc:subfield></marc:datafield><marc:datafield tag="787" ind1="0" ind2=" "><marc:subfield code="t">Bewick's Select Fables of Æsop and others, etc.</marc:subfield><marc:subfield code="d">pp. xl. 312. Longman &amp; Co.: London, [1878.] 8º.</marc:subfield><marc:subfield code="w">(Uk)MP1.0000026758</marc:subfield></marc:datafield><marc:datafield tag="852" ind1="4" ind2="1"><marc:subfield code="a">British Library</marc:subfield><marc:subfield code="b">HMNTS</marc:subfield><marc:subfield code="j">559*.d.27.</marc:subfield></marc:datafield><marc:datafield tag="886" ind1="2" ind2=" "><marc:subfield code="2">blmarc</marc:subfield><marc:subfield code="a">709</marc:subfield><marc:subfield code="b">00</marc:subfield><marc:subfield code="a">BEWICK</marc:subfield><marc:subfield code="h">Thomas</marc:subfield><marc:subfield code="t">Works written and works containing illustrations by T. Bewick</marc:subfield><marc:subfield code="p">12304.h.8.</marc:subfield><marc:subfield code="x">0281340218</marc:subfield><marc:subfield code="p">559*.d.27.</marc:subfield><marc:subfield code="x">0281340218</marc:subfield></marc:datafield></marc:record>