
<marc:record><marc:leader>00790cam a22002053  4500</marc:leader>
<marc:controlfield tag="001">000024040</marc:controlfield>
<marc:controlfield tag="003">Uk</marc:controlfield><marc:controlfield tag="005">20101223154100.0</marc:controlfield><marc:controlfield tag="008">871006|1887|||||||    ||    |||| ||eng  </marc:controlfield><marc:datafield tag="040" ind1=" " ind2=" "><marc:subfield code="a">Uk</marc:subfield><marc:subfield code="c">Uk</marc:subfield></marc:datafield><marc:datafield tag="100" ind1="0" ind2=" "><marc:subfield code="a">Aesop.</marc:subfield></marc:datafield><marc:datafield tag="240" ind1="1" ind2="0"><marc:subfield code="a">English. Selections</marc:subfield></marc:datafield><marc:datafield tag="245" ind1="1" ind2="4"><marc:subfield code="a">The Baby's Own Æsop: being the Fables condensed in rhyme [by W. J. Linton], with portable morals pictorially pointed by Walter Crane, etc.</marc:subfield></marc:datafield><marc:datafield tag="260" ind1=" " ind2=" "><marc:subfield code="a">pp. 56. G. Routledge &amp; Sons: London &amp; New York, 1887 [1886].</marc:subfield></marc:datafield><marc:datafield tag="300" ind1=" " ind2=" "><marc:subfield code="a">4º.</marc:subfield></marc:datafield><marc:datafield tag="700" ind1="1" ind2=" "><marc:subfield code="a">Crane, Walter,</marc:subfield><marc:subfield code="d">1845-1915.</marc:subfield></marc:datafield><marc:datafield tag="700" ind1="1" ind2=" "><marc:subfield code="a">Linton, W. J.</marc:subfield><marc:subfield code="q"> (William James),</marc:subfield><marc:subfield code="d"> 1812-1897.</marc:subfield></marc:datafield><marc:datafield tag="852" ind1="4" ind2="1"><marc:subfield code="a">British Library</marc:subfield><marc:subfield code="b">HMNTS</marc:subfield><marc:subfield code="j">12811.e.19.</marc:subfield></marc:datafield><marc:datafield tag="886" ind1="2" ind2=" "><marc:subfield code="2">blmarc</marc:subfield><marc:subfield code="a">709</marc:subfield><marc:subfield code="b">00</marc:subfield><marc:subfield code="a">CRANE</marc:subfield><marc:subfield code="h">Walter</marc:subfield><marc:subfield code="p">12811.e.19.</marc:subfield><marc:subfield code="x">0721630073</marc:subfield></marc:datafield><marc:datafield tag="886" ind1="2" ind2=" "><marc:subfield code="2">blmarc</marc:subfield><marc:subfield code="a">709</marc:subfield><marc:subfield code="b">00</marc:subfield><marc:subfield code="a">LINTON</marc:subfield><marc:subfield code="h">William James</marc:subfield><marc:subfield code="p">12811.e.19.</marc:subfield><marc:subfield code="x">193197022X</marc:subfield></marc:datafield></marc:record>