
<marc:record><marc:leader>00783cam a22002053  4500</marc:leader>
<marc:controlfield tag="001">000024042</marc:controlfield>
<marc:controlfield tag="003">Uk</marc:controlfield><marc:controlfield tag="005">20130627174000.0</marc:controlfield><marc:controlfield tag="008">871006|1891||||enk    ||    |||| ||eng  </marc:controlfield><marc:datafield tag="040" ind1=" " ind2=" "><marc:subfield code="a">Uk</marc:subfield><marc:subfield code="c">Uk</marc:subfield></marc:datafield><marc:datafield tag="100" ind1="0" ind2=" "><marc:subfield code="a">Aesop.</marc:subfield></marc:datafield><marc:datafield tag="240" ind1="1" ind2="0"><marc:subfield code="a">English. Selections</marc:subfield></marc:datafield><marc:datafield tag="245" ind1="1" ind2="0"><marc:subfield code="a">Æsop's Fables in words of one syllable. By Mary Godolphin ... Printed in the learners' style of phonography ... by Isaac Pitman.</marc:subfield></marc:datafield><marc:datafield tag="260" ind1=" " ind2=" "><marc:subfield code="a">London :</marc:subfield><marc:subfield code="b">I. Pitman &amp; Sons,</marc:subfield><marc:subfield code="c">1891.</marc:subfield></marc:datafield><marc:datafield tag="300" ind1=" " ind2=" "><marc:subfield code="a">48 p. ;</marc:subfield><marc:subfield code="c">8º.</marc:subfield></marc:datafield><marc:datafield tag="700" ind1="1" ind2=" "><marc:subfield code="a">Aikin, Lucy,</marc:subfield><marc:subfield code="d">1781-1864.</marc:subfield></marc:datafield><marc:datafield tag="700" ind1="1" ind2=" "><marc:subfield code="a">Pitman, Isaac,</marc:subfield><marc:subfield code="d">1813-1897.</marc:subfield></marc:datafield><marc:datafield tag="852" ind1="4" ind2="1"><marc:subfield code="a">British Library</marc:subfield><marc:subfield code="b">HMNTS</marc:subfield><marc:subfield code="j">12991.b.50.(13.)</marc:subfield></marc:datafield><marc:datafield tag="886" ind1="2" ind2=" "><marc:subfield code="2">blmarc</marc:subfield><marc:subfield code="a">709</marc:subfield><marc:subfield code="b">00</marc:subfield><marc:subfield code="a">GODOLPHIN</marc:subfield><marc:subfield code="h">Mary</marc:subfield><marc:subfield code="f">pseud. [i.e. Lucy Aikin.]</marc:subfield><marc:subfield code="p">12991.b.50.(13.)</marc:subfield><marc:subfield code="x">1270080148</marc:subfield></marc:datafield><marc:datafield tag="886" ind1="2" ind2=" "><marc:subfield code="2">blmarc</marc:subfield><marc:subfield code="a">709</marc:subfield><marc:subfield code="b">00</marc:subfield><marc:subfield code="a">PITMAN</marc:subfield><marc:subfield code="e">Sir</marc:subfield><marc:subfield code="h">Isaac</marc:subfield><marc:subfield code="p">12991.b.50.(13.)</marc:subfield><marc:subfield code="x">2594640212</marc:subfield></marc:datafield></marc:record>