
<marc:record><marc:leader>00921cam a22002293  4500</marc:leader>
<marc:controlfield tag="001">000024047</marc:controlfield>
<marc:controlfield tag="003">Uk</marc:controlfield><marc:controlfield tag="005">20050706073721.0</marc:controlfield><marc:controlfield tag="008">871006|1899|||||||    ||    |||| ||eng  </marc:controlfield><marc:datafield tag="040" ind1=" " ind2=" "><marc:subfield code="a">Uk</marc:subfield><marc:subfield code="c">Uk</marc:subfield></marc:datafield><marc:datafield tag="100" ind1="0" ind2=" "><marc:subfield code="a">Aesop.</marc:subfield></marc:datafield><marc:datafield tag="240" ind1="1" ind2="0"><marc:subfield code="a">English. Selections</marc:subfield></marc:datafield><marc:datafield tag="245" ind1="1" ind2="2"><marc:subfield code="a">A Hundred Fables of Æsop, from the English version of Sir R. L'Estrange. With pictures by Percy J. Billinghurst and an introduction by Kenneth Grahame.</marc:subfield></marc:datafield><marc:datafield tag="260" ind1=" " ind2=" "><marc:subfield code="a">pp. xv. 201. John Lane: London &amp; New York, 1899 [1898].</marc:subfield></marc:datafield><marc:datafield tag="300" ind1=" " ind2=" "><marc:subfield code="a">8º.</marc:subfield></marc:datafield><marc:datafield tag="700" ind1="1" ind2=" "><marc:subfield code="a">BILLINGHURST, Percy J.</marc:subfield></marc:datafield><marc:datafield tag="700" ind1="1" ind2=" "><marc:subfield code="a">Grahame, Kenneth,</marc:subfield><marc:subfield code="d">1859-1932</marc:subfield></marc:datafield><marc:datafield tag="700" ind1="1" ind2=" "><marc:subfield code="a">L'Estrange, Roger,</marc:subfield><marc:subfield code="c">Sir,</marc:subfield><marc:subfield code="d">1616-1704.</marc:subfield></marc:datafield><marc:datafield tag="852" ind1="4" ind2="1"><marc:subfield code="a">British Library</marc:subfield><marc:subfield code="b">HMNTS</marc:subfield><marc:subfield code="j">12304.i.8.</marc:subfield></marc:datafield><marc:datafield tag="886" ind1="2" ind2=" "><marc:subfield code="2">blmarc</marc:subfield><marc:subfield code="a">709</marc:subfield><marc:subfield code="b">00</marc:subfield><marc:subfield code="a">BILLINGHURST</marc:subfield><marc:subfield code="h">Percy J.</marc:subfield><marc:subfield code="p">12304.i.8.</marc:subfield><marc:subfield code="x">032340006X</marc:subfield></marc:datafield><marc:datafield tag="886" ind1="2" ind2=" "><marc:subfield code="2">blmarc</marc:subfield><marc:subfield code="a">709</marc:subfield><marc:subfield code="b">00</marc:subfield><marc:subfield code="a">GRAHAME</marc:subfield><marc:subfield code="h">Kenneth</marc:subfield><marc:subfield code="t">Appendix</marc:subfield><marc:subfield code="p">12304.i.8.</marc:subfield><marc:subfield code="x">1302600079</marc:subfield></marc:datafield><marc:datafield tag="886" ind1="2" ind2=" "><marc:subfield code="2">blmarc</marc:subfield><marc:subfield code="a">709</marc:subfield><marc:subfield code="b">00</marc:subfield><marc:subfield code="a">L'ESTRANGE</marc:subfield><marc:subfield code="e">Sir</marc:subfield><marc:subfield code="h">Roger</marc:subfield><marc:subfield code="p">12304.i.8.</marc:subfield><marc:subfield code="x">190255003X</marc:subfield></marc:datafield></marc:record>