
<marc:record><marc:leader>00957cam a22002053  4500</marc:leader>
<marc:controlfield tag="001">000024115</marc:controlfield>
<marc:controlfield tag="003">Uk</marc:controlfield><marc:controlfield tag="005">20110311165900.0</marc:controlfield><marc:controlfield tag="008">871006|1804|||||||    ||    |||| |||||  </marc:controlfield><marc:datafield tag="040" ind1=" " ind2=" "><marc:subfield code="a">Uk</marc:subfield><marc:subfield code="c">Uk</marc:subfield></marc:datafield><marc:datafield tag="100" ind1="0" ind2=" "><marc:subfield code="a">Aesop.</marc:subfield></marc:datafield><marc:datafield tag="240" ind1="1" ind2="0"><marc:subfield code="a">Basque</marc:subfield></marc:datafield><marc:datafield tag="245" ind1="1" ind2="0"><marc:subfield code="a">Ipui onac, ceintzuetan arquituco dituzten euscaldun necazari, ta gazte guciac eracaste ederrac beren vicitza zucentzeco. Ematen ditu Euscaráz ... Da Vicenta Antonia Moguél ta Elguezabalec. [Fifty fables translated, in prose, by Doña V. A. Moguél ta Elguezabal, with eight others, in verse, by José Antonio Moguél.]</marc:subfield></marc:datafield><marc:datafield tag="260" ind1=" " ind2=" "><marc:subfield code="a">Donostian,</marc:subfield><marc:subfield code="c">1804.</marc:subfield></marc:datafield><marc:datafield tag="300" ind1=" " ind2=" "><marc:subfield code="a">114 p. ;</marc:subfield><marc:subfield code="c">8º.</marc:subfield></marc:datafield><marc:datafield tag="700" ind1="1" ind2=" "><marc:subfield code="a">MOGUÉL TA ELGUEZABAL, Vicenta Antonia.</marc:subfield></marc:datafield><marc:datafield tag="700" ind1="1" ind2=" "><marc:subfield code="a">MOGUÉL, José Antonio.</marc:subfield></marc:datafield><marc:datafield tag="852" ind1="4" ind2="1"><marc:subfield code="a">British Library</marc:subfield><marc:subfield code="b">HMNTS</marc:subfield><marc:subfield code="j">012305.e.19.</marc:subfield></marc:datafield><marc:datafield tag="886" ind1="2" ind2=" "><marc:subfield code="2">blmarc</marc:subfield><marc:subfield code="a">709</marc:subfield><marc:subfield code="b">00</marc:subfield><marc:subfield code="a">MOGUÉL TA ELGUEZABAL</marc:subfield><marc:subfield code="h">Vicenta Antonia</marc:subfield><marc:subfield code="p">012305.e.19.</marc:subfield><marc:subfield code="x">2240180129</marc:subfield></marc:datafield><marc:datafield tag="886" ind1="2" ind2=" "><marc:subfield code="2">blmarc</marc:subfield><marc:subfield code="a">709</marc:subfield><marc:subfield code="b">00</marc:subfield><marc:subfield code="a">MOGUÉL</marc:subfield><marc:subfield code="h">José Antonio</marc:subfield><marc:subfield code="p">012305.e.19.</marc:subfield><marc:subfield code="x">2240180048</marc:subfield></marc:datafield></marc:record>