
<marc:record><marc:leader>00768cam a22001933  4500</marc:leader>
<marc:controlfield tag="001">000024121</marc:controlfield>
<marc:controlfield tag="003">Uk</marc:controlfield><marc:controlfield tag="005">20130427150400.0</marc:controlfield><marc:controlfield tag="008">871006|1815|||||||    ||    |||| ||cze  </marc:controlfield><marc:datafield tag="040" ind1=" " ind2=" "><marc:subfield code="a">Uk</marc:subfield><marc:subfield code="c">Uk</marc:subfield></marc:datafield><marc:datafield tag="100" ind1="0" ind2=" "><marc:subfield code="a">Aesop.</marc:subfield></marc:datafield><marc:datafield tag="240" ind1="1" ind2="0"><marc:subfield code="a">Czech</marc:subfield></marc:datafield><marc:datafield tag="245" ind1="1" ind2="0"><marc:subfield code="a">Obnowený Ezop, aneb Nowé Ezopowy Bágky. Podlé rozličných básnjřů sebrané a wypracowané. Spolu s přiloženým wypsánjm Ezopowa žiwota. Po prwé wydané pracý Wáclawa R. Kraméryusa.</marc:subfield></marc:datafield><marc:datafield tag="260" ind1=" " ind2=" "><marc:subfield code="a">w Praze: u Karla Wyljama Eardessa, 1815.</marc:subfield></marc:datafield><marc:datafield tag="300" ind1=" " ind2=" "><marc:subfield code="a">pp. iv, 164. 17 cm.</marc:subfield></marc:datafield><marc:datafield tag="500" ind1=" " ind2=" "><marc:subfield code="a">Imperfect; wanting plates.</marc:subfield></marc:datafield><marc:datafield tag="700" ind1="1" ind2=" "><marc:subfield code="a">KRAMÉRIUS, Václav Rodomil.</marc:subfield></marc:datafield><marc:datafield tag="852" ind1="4" ind2="1"><marc:subfield code="a">British Library</marc:subfield><marc:subfield code="b">HMNTS</marc:subfield><marc:subfield code="j">1607/3797.</marc:subfield></marc:datafield><marc:datafield tag="886" ind1="2" ind2=" "><marc:subfield code="2">blmarc</marc:subfield><marc:subfield code="a">709</marc:subfield><marc:subfield code="b">00</marc:subfield><marc:subfield code="a">KRAMÉRIUS</marc:subfield><marc:subfield code="h">Václav Rodomil</marc:subfield><marc:subfield code="p">1607/3797.</marc:subfield><marc:subfield code="x">1790910080</marc:subfield></marc:datafield></marc:record>