
<marc:record><marc:leader>00946cam a22002533  4500</marc:leader>
<marc:controlfield tag="001">000024200</marc:controlfield>
<marc:controlfield tag="003">Uk</marc:controlfield><marc:controlfield tag="005">20130427150400.0</marc:controlfield><marc:controlfield tag="008">871006|1864|||||||    ||    |||| ||ita  </marc:controlfield><marc:datafield tag="040" ind1=" " ind2=" "><marc:subfield code="a">Uk</marc:subfield><marc:subfield code="c">Uk</marc:subfield></marc:datafield><marc:datafield tag="100" ind1="0" ind2=" "><marc:subfield code="a">Aesop.</marc:subfield></marc:datafield><marc:datafield tag="240" ind1="1" ind2="0"><marc:subfield code="a">Italian</marc:subfield></marc:datafield><marc:datafield tag="245" ind1="1" ind2="0"><marc:subfield code="a">Favole di Esopo in volgare. Testo di lingua inedito dal codice Palatino, già Guadagni. [Edited by S. Bongi, C. Minutoli, L. del Prete and M. Pierantoni.]</marc:subfield></marc:datafield><marc:datafield tag="260" ind1=" " ind2=" "><marc:subfield code="a">Lucca,</marc:subfield><marc:subfield code="c">1864.</marc:subfield></marc:datafield><marc:datafield tag="300" ind1=" " ind2=" "><marc:subfield code="a">106 p. ;</marc:subfield><marc:subfield code="c">16º.</marc:subfield></marc:datafield><marc:datafield tag="700" ind1="1" ind2=" "><marc:subfield code="a">BONGI, Salvatore.</marc:subfield></marc:datafield><marc:datafield tag="700" ind1="1" ind2=" "><marc:subfield code="a">MINUTOLI, Carlo.</marc:subfield></marc:datafield><marc:datafield tag="700" ind1="1" ind2=" "><marc:subfield code="a">PIERANTONI, Michele.</marc:subfield></marc:datafield><marc:datafield tag="700" ind1="1" ind2=" "><marc:subfield code="a">PRETE, Leone del.</marc:subfield></marc:datafield><marc:datafield tag="852" ind1="4" ind2="1"><marc:subfield code="a">British Library</marc:subfield><marc:subfield code="b">HMNTS</marc:subfield><marc:subfield code="j">12305.bb.42.</marc:subfield></marc:datafield><marc:datafield tag="886" ind1="2" ind2=" "><marc:subfield code="2">blmarc</marc:subfield><marc:subfield code="a">709</marc:subfield><marc:subfield code="b">00</marc:subfield><marc:subfield code="a">BONGI</marc:subfield><marc:subfield code="h">Salvatore</marc:subfield><marc:subfield code="p">12305.bb.42.</marc:subfield><marc:subfield code="x">0371550009</marc:subfield></marc:datafield><marc:datafield tag="886" ind1="2" ind2=" "><marc:subfield code="2">blmarc</marc:subfield><marc:subfield code="a">709</marc:subfield><marc:subfield code="b">00</marc:subfield><marc:subfield code="a">MINUTOLI</marc:subfield><marc:subfield code="h">Carlo</marc:subfield><marc:subfield code="p">12305.bb.42.</marc:subfield><marc:subfield code="x">2224430035</marc:subfield></marc:datafield><marc:datafield tag="886" ind1="2" ind2=" "><marc:subfield code="2">blmarc</marc:subfield><marc:subfield code="a">709</marc:subfield><marc:subfield code="b">00</marc:subfield><marc:subfield code="a">PIERANTONI</marc:subfield><marc:subfield code="h">Michele</marc:subfield><marc:subfield code="p">12305.bb.42.</marc:subfield><marc:subfield code="x">2583470167</marc:subfield></marc:datafield><marc:datafield tag="886" ind1="2" ind2=" "><marc:subfield code="2">blmarc</marc:subfield><marc:subfield code="a">709</marc:subfield><marc:subfield code="b">00</marc:subfield><marc:subfield code="a">PRETE</marc:subfield><marc:subfield code="h">Leone del</marc:subfield><marc:subfield code="p">12305.bb.42.</marc:subfield><marc:subfield code="x">2652100262</marc:subfield></marc:datafield></marc:record>