
<marc:record><marc:leader>00670cam a22001813  4500</marc:leader>
<marc:controlfield tag="001">000024246</marc:controlfield>
<marc:controlfield tag="003">Uk</marc:controlfield><marc:controlfield tag="005">20130427150400.0</marc:controlfield><marc:controlfield tag="008">871006|1890|||||||    ||    |||| ||wel  </marc:controlfield><marc:datafield tag="040" ind1=" " ind2=" "><marc:subfield code="a">Uk</marc:subfield><marc:subfield code="c">Uk</marc:subfield></marc:datafield><marc:datafield tag="100" ind1="0" ind2=" "><marc:subfield code="a">Aesop.</marc:subfield></marc:datafield><marc:datafield tag="240" ind1="1" ind2="0"><marc:subfield code="a">Welsh</marc:subfield></marc:datafield><marc:datafield tag="245" ind1="1" ind2="0"><marc:subfield code="a">Chwedlau neu Ddammegion Æsop; wedi eu cyfieithu o'r argraffiadau goreu yn yr iaith Seisonig, a'u cyfaddasu i'r Gymraeg, gan Glan Alun. [With woodcuts.]</marc:subfield></marc:datafield><marc:datafield tag="260" ind1=" " ind2=" "><marc:subfield code="a">Wrexham :</marc:subfield><marc:subfield code="b">Hughes &amp; Son,</marc:subfield><marc:subfield code="c">[1890?]</marc:subfield></marc:datafield><marc:datafield tag="300" ind1=" " ind2=" "><marc:subfield code="a">2 cyfr. ;</marc:subfield><marc:subfield code="c">8º.</marc:subfield></marc:datafield><marc:datafield tag="700" ind1="1" ind2=" "><marc:subfield code="a">JONES, Thomas,</marc:subfield><marc:subfield code="c">Rev., called Glan Alun.</marc:subfield></marc:datafield><marc:datafield tag="852" ind1="4" ind2="1"><marc:subfield code="a">British Library</marc:subfield><marc:subfield code="b">HMNTS</marc:subfield><marc:subfield code="j">012305.h.10.</marc:subfield></marc:datafield><marc:datafield tag="886" ind1="2" ind2=" "><marc:subfield code="2">blmarc</marc:subfield><marc:subfield code="a">709</marc:subfield><marc:subfield code="b">00</marc:subfield><marc:subfield code="a">JONES</marc:subfield><marc:subfield code="h">Thomas</marc:subfield><marc:subfield code="f">Rev., called Glan Alun</marc:subfield><marc:subfield code="p">012305.h.10.</marc:subfield><marc:subfield code="x">1681170132</marc:subfield></marc:datafield></marc:record>