
<marc:record><marc:leader>00728 am a22001813  4500</marc:leader>
<marc:controlfield tag="001">000024297</marc:controlfield>
<marc:controlfield tag="003">Uk</marc:controlfield><marc:controlfield tag="005">20091125222400.0</marc:controlfield><marc:controlfield tag="008">871006|1860|||||||    ||    |||| |||||  </marc:controlfield><marc:datafield tag="040" ind1=" " ind2=" "><marc:subfield code="a">Uk</marc:subfield><marc:subfield code="c">Uk</marc:subfield></marc:datafield><marc:datafield tag="100" ind1="0" ind2=" "><marc:subfield code="a">Aesop.</marc:subfield></marc:datafield><marc:datafield tag="240" ind1="1" ind2="0"><marc:subfield code="a">Appendix</marc:subfield></marc:datafield><marc:datafield tag="245" ind1="1" ind2="0"><marc:subfield code="a">[Βιος Αἰσωπου. [By M. Planudes.] ... Νεωστι μετατυπωθεις εἰς κοινην γλωσσαν.]</marc:subfield></marc:datafield><marc:datafield tag="250" ind1=" " ind2=" "><marc:subfield code="a">[Another edition.]</marc:subfield></marc:datafield><marc:datafield tag="260" ind1=" " ind2=" "><marc:subfield code="a">pp. 64. ἐν Βενετιᾳ, 1860.</marc:subfield></marc:datafield><marc:datafield tag="300" ind1=" " ind2=" "><marc:subfield code="a">16º.</marc:subfield></marc:datafield><marc:datafield tag="787" ind1="0" ind2=" "><marc:subfield code="t">Βιος Αἰσωπου. [By M. Planudes.] ... Νεωστι μετατυπωθεις εἰς κοινην γλωσσαν.</marc:subfield><marc:subfield code="d">pp. 96. Ἐνετιησιν, 1801. 16º.</marc:subfield><marc:subfield code="w">(Uk)MP1.0000027008</marc:subfield></marc:datafield><marc:datafield tag="852" ind1="4" ind2="1"><marc:subfield code="a">British Library</marc:subfield><marc:subfield code="b">HMNTS</marc:subfield><marc:subfield code="j">12304.cc.41.</marc:subfield></marc:datafield></marc:record>