
<marc:record><marc:leader>00582 am a22001333  4500</marc:leader>
<marc:controlfield tag="001">000024311</marc:controlfield>
<marc:controlfield tag="003">Uk</marc:controlfield><marc:controlfield tag="005">20091125222400.0</marc:controlfield><marc:controlfield tag="008">871006|1824|||||||    ||    |||| |||||  </marc:controlfield><marc:datafield tag="040" ind1=" " ind2=" "><marc:subfield code="a">Uk</marc:subfield><marc:subfield code="c">Uk</marc:subfield></marc:datafield><marc:datafield tag="245" ind1="1" ind2="0"><marc:subfield code="a">Julius Valerius. Res gestas Alexandri Macedonis, olim translatas ex Æsopo Græco, edidit primum notisque nuper illustravit A. Maius; et nunc denuo publicat N. E. Lemaire.</marc:subfield></marc:datafield><marc:datafield tag="580" ind1=" " ind2=" "><marc:subfield code="a">In : Curtius Rufus (Q.) Q. Curtius Rufus ad codices Parisinos recensitus, etc. 1824. 8º.</marc:subfield></marc:datafield><marc:datafield tag="720" ind1=" " ind2=" "><marc:subfield code="a">AESOP, Biographer of Alexander the Great</marc:subfield><marc:subfield code="e">main entry</marc:subfield></marc:datafield><marc:datafield tag="852" ind1="4" ind2="1"><marc:subfield code="a">British Library</marc:subfield><marc:subfield code="b">HMNTS</marc:subfield><marc:subfield code="j">11305.i.7.</marc:subfield></marc:datafield></marc:record>