
<marc:record><marc:leader>00619 am a22001453  4500</marc:leader>
<marc:controlfield tag="001">000024343</marc:controlfield>
<marc:controlfield tag="003">Uk</marc:controlfield><marc:controlfield tag="005">20091223215000.0</marc:controlfield><marc:controlfield tag="008">871006|1852|||||||    ||    |||| |||||  </marc:controlfield><marc:datafield tag="040" ind1=" " ind2=" "><marc:subfield code="a">Uk</marc:subfield><marc:subfield code="c">Uk</marc:subfield></marc:datafield><marc:datafield tag="245" ind1="1" ind2="0"><marc:subfield code="a">Incipit liber Æthici philosophico editus oraculo a Hieronymo presbytero delatus ex Cosmographia, etc.</marc:subfield></marc:datafield><marc:datafield tag="490" ind1="0" ind2=" "><marc:subfield code="a">[Mémoires présentés à l' Académie des Inscriptions et Belles-Lettres. sér. 1. tom. 2.]</marc:subfield></marc:datafield><marc:datafield tag="580" ind1=" " ind2=" "><marc:subfield code="a">In : Avezac-Macaya (M. A. P. d') Mémoire sur Ethicus et sur les ouvrages intitulés de ce nom. 1852. 4º.</marc:subfield></marc:datafield><marc:datafield tag="720" ind1=" " ind2=" "><marc:subfield code="a">AETHICUS</marc:subfield><marc:subfield code="e">main entry</marc:subfield></marc:datafield><marc:datafield tag="852" ind1="4" ind2="1"><marc:subfield code="a">British Library</marc:subfield><marc:subfield code="b">HMNTS</marc:subfield><marc:subfield code="j">Ac.420/10.(1.)</marc:subfield></marc:datafield></marc:record>