
<marc:record><marc:leader>00844 am a22001813  4500</marc:leader>
<marc:controlfield tag="001">000024384</marc:controlfield>
<marc:controlfield tag="003">Uk</marc:controlfield><marc:controlfield tag="005">20091125222400.0</marc:controlfield><marc:controlfield tag="008">871006|1855|||||||    ||     ||| |||||  </marc:controlfield><marc:datafield tag="040" ind1=" " ind2=" "><marc:subfield code="a">Uk</marc:subfield><marc:subfield code="c">Uk</marc:subfield></marc:datafield><marc:datafield tag="100" ind1="1" ind2=" "><marc:subfield code="a">AFANAS'EV, Aleksandr Nikolaevich.</marc:subfield></marc:datafield><marc:datafield tag="245" ind1="1" ind2="0"><marc:subfield code="a">Народныя русскія сказки, издалъ А. Аѳанасьевъ..</marc:subfield></marc:datafield><marc:datafield tag="260" ind1=" " ind2=" "><marc:subfield code="a">8 вып. Москва, 1855-63.</marc:subfield></marc:datafield><marc:datafield tag="300" ind1=" " ind2=" "><marc:subfield code="a">8º.</marc:subfield></marc:datafield><marc:datafield tag="500" ind1=" " ind2=" "><marc:subfield code="a">Вып. 1 &amp; 8 are imperfect, wanting several pages.</marc:subfield></marc:datafield><marc:datafield tag="787" ind1="0" ind2=" "><marc:subfield code="t">вновъ пересмотрѣнное К. Солдатенкова. (Съ портретомъ А. Н. Аѳанасьева.)</marc:subfield><marc:subfield code="d">4 кн. Москва, 1873. 8º.</marc:subfield><marc:subfield code="w">(Uk)MP1.0000027117.1</marc:subfield></marc:datafield><marc:datafield tag="787" ind1="0" ind2=" "><marc:subfield code="t">подъ редакціей А. Е. Грузинскаго.</marc:subfield><marc:subfield code="d">2 том. Москва, 1897. 8º.</marc:subfield><marc:subfield code="w">(Uk)MP1.0000027117.2</marc:subfield></marc:datafield><marc:datafield tag="852" ind1="4" ind2="1"><marc:subfield code="a">British Library</marc:subfield><marc:subfield code="b">HMNTS</marc:subfield><marc:subfield code="j">12590.h.21.</marc:subfield></marc:datafield></marc:record>