
<marc:record><marc:leader>00774cam a22001813  4500</marc:leader>
<marc:controlfield tag="001">000024386</marc:controlfield>
<marc:controlfield tag="003">Uk</marc:controlfield><marc:controlfield tag="005">20130228180900.0</marc:controlfield><marc:controlfield tag="008">871006|1897|||||||    ||     ||| |||||  </marc:controlfield><marc:datafield tag="040" ind1=" " ind2=" "><marc:subfield code="a">Uk</marc:subfield><marc:subfield code="c">Uk</marc:subfield></marc:datafield><marc:datafield tag="100" ind1="1" ind2=" "><marc:subfield code="a">AFANAS'EV, Aleksandr Nikolaevich.</marc:subfield></marc:datafield><marc:datafield tag="245" ind1="1" ind2="0"><marc:subfield code="a">подъ редакціей А. Е. Грузинскаго..</marc:subfield></marc:datafield><marc:datafield tag="260" ind1=" " ind2=" "><marc:subfield code="a">Москва,</marc:subfield><marc:subfield code="c">1897.</marc:subfield></marc:datafield><marc:datafield tag="300" ind1=" " ind2=" "><marc:subfield code="a">2 том. ;</marc:subfield><marc:subfield code="c">8º.</marc:subfield></marc:datafield><marc:datafield tag="700" ind1="1" ind2=" "><marc:subfield code="a">GRUZINSKY, Aleksyei Evgen'evich.</marc:subfield></marc:datafield><marc:datafield tag="787" ind1="0" ind2=" "><marc:subfield code="t">Народныя русскія сказки, издалъ А. Аѳанасьевъ.</marc:subfield><marc:subfield code="d">8 вып. Москва, 1855-63. 8º.</marc:subfield><marc:subfield code="w">(Uk)MP1.0000027117</marc:subfield></marc:datafield><marc:datafield tag="852" ind1="4" ind2="1"><marc:subfield code="a">British Library</marc:subfield><marc:subfield code="b">HMNTS</marc:subfield><marc:subfield code="j">12430.l.27.</marc:subfield><marc:subfield code="3">Изданіе третье, дополненное ...</marc:subfield></marc:datafield><marc:datafield tag="886" ind1="2" ind2=" "><marc:subfield code="2">blmarc</marc:subfield><marc:subfield code="a">709</marc:subfield><marc:subfield code="b">00</marc:subfield><marc:subfield code="a">GRUZINSKY</marc:subfield><marc:subfield code="h">Aleksyei Evgen'evich</marc:subfield><marc:subfield code="p">12430.l.27.</marc:subfield><marc:subfield code="x">1341580091</marc:subfield></marc:datafield></marc:record>