
<marc:record><marc:leader>00618cam a22001573  4500</marc:leader>
<marc:controlfield tag="001">000024398</marc:controlfield>
<marc:controlfield tag="003">Uk</marc:controlfield><marc:controlfield tag="005">20130228180900.0</marc:controlfield><marc:controlfield tag="008">871006|1851|||||||    ||     ||| |||||  </marc:controlfield><marc:datafield tag="040" ind1=" " ind2=" "><marc:subfield code="a">Uk</marc:subfield><marc:subfield code="c">Uk</marc:subfield></marc:datafield><marc:datafield tag="100" ind1="1" ind2=" "><marc:subfield code="a">AFANAS'EV, Aleksandr Nikolaevich.</marc:subfield></marc:datafield><marc:datafield tag="245" ind1="1" ind2="0"><marc:subfield code="a">Русскій солдатъ. Разсказы въ стихахъ..</marc:subfield></marc:datafield><marc:datafield tag="260" ind1=" " ind2=" "><marc:subfield code="a">Кіевъ ;</marc:subfield><marc:subfield code="a">Санктпетербургъ,</marc:subfield><marc:subfield code="c">1851-55.</marc:subfield></marc:datafield><marc:datafield tag="300" ind1=" " ind2=" "><marc:subfield code="a">3 част. ;</marc:subfield><marc:subfield code="c">8º &amp; 12º.</marc:subfield></marc:datafield><marc:datafield tag="500" ind1=" " ind2=" "><marc:subfield code="a">Част. 1 was published at Kiev, in 8º, and част. 2, 3 at Saint Petersburg in 12º. Част. 2 is of the second edition.</marc:subfield></marc:datafield><marc:datafield tag="852" ind1="4" ind2="1"><marc:subfield code="a">British Library</marc:subfield><marc:subfield code="b">HMNTS</marc:subfield><marc:subfield code="j">11586.bbb.33.</marc:subfield></marc:datafield></marc:record>