
<marc:record><marc:leader>01126cam a22001933  4500</marc:leader>
<marc:controlfield tag="001">000024497</marc:controlfield>
<marc:controlfield tag="003">Uk</marc:controlfield><marc:controlfield tag="005">20121014203500.0</marc:controlfield><marc:controlfield tag="008">981009|1847|||||||    ||     ||| |||||  </marc:controlfield><marc:datafield tag="040" ind1=" " ind2=" "><marc:subfield code="a">Uk</marc:subfield><marc:subfield code="c">Uk</marc:subfield></marc:datafield><marc:datafield tag="100" ind1="1" ind2=" "><marc:subfield code="a">Afán de Ribera, Fulgencio.</marc:subfield></marc:datafield><marc:datafield tag="245" ind1="1" ind2="0"><marc:subfield code="a">Virtud al Uso, y mística a la moda, destierro de la hipocresía, en frase de exhortacion a ella; embolismo moral, etc.</marc:subfield></marc:datafield><marc:datafield tag="260" ind1=" " ind2=" "><marc:subfield code="c">1847.</marc:subfield></marc:datafield><marc:datafield tag="300" ind1=" " ind2=" "><marc:subfield code="a">30 p.</marc:subfield></marc:datafield><marc:datafield tag="580" ind1=" " ind2=" "><marc:subfield code="a">In: Spanish Authors. Coleccion de los mejores autores Españoles. tom. 38. 1835, etc. 8º.</marc:subfield></marc:datafield><marc:datafield tag="775" ind1="0" ind2=" "><marc:subfield code="t">[Virtud al Uso, y mística a la moda, destierro de la hipocresía, en frase de exhortacion a ella; embolismo moral, etc.]</marc:subfield><marc:subfield code="d">1854.</marc:subfield><marc:subfield code="w">(Uk)MP1.0000027240.1</marc:subfield></marc:datafield><marc:datafield tag="775" ind1="0" ind2=" "><marc:subfield code="t">[Virtud al Uso, y mística a la moda, destierro de la hipocresía, en frase de exhortacion a ella; embolismo moral, etc.]</marc:subfield><marc:subfield code="d">Madrid, 1887. 8º.</marc:subfield><marc:subfield code="w">(Uk)MP1.0000027240.3</marc:subfield></marc:datafield><marc:datafield tag="775" ind1="0" ind2=" "><marc:subfield code="t">[Virtud al Uso, y mística a la moda, destierro de la hipocresía, en frase de exhortacion a ella; embolismo moral, etc.]</marc:subfield><marc:subfield code="n">In Curiosidades. Curiosidades de Mística parda. 1897. 8º.</marc:subfield><marc:subfield code="w">(Uk)MP1.0000027240.4</marc:subfield></marc:datafield><marc:datafield tag="852" ind1="4" ind2="1"><marc:subfield code="a">British Library</marc:subfield><marc:subfield code="b">HMNTS</marc:subfield><marc:subfield code="j">12230.h</marc:subfield></marc:datafield></marc:record>