
<marc:record><marc:leader>00691cam a22001573  4500</marc:leader>
<marc:controlfield tag="001">000024500</marc:controlfield>
<marc:controlfield tag="003">Uk</marc:controlfield><marc:controlfield tag="005">20121014203500.0</marc:controlfield><marc:controlfield tag="008">981009|1897|||||||    ||     ||| |||||  </marc:controlfield><marc:datafield tag="040" ind1=" " ind2=" "><marc:subfield code="a">Uk</marc:subfield><marc:subfield code="c">Uk</marc:subfield></marc:datafield><marc:datafield tag="100" ind1="1" ind2=" "><marc:subfield code="a">Afán de Ribera, Fulgencio.</marc:subfield></marc:datafield><marc:datafield tag="245" ind1="1" ind2="0"><marc:subfield code="a">[Virtud al Uso, y mística a la moda, destierro de la hipocresía, en frase de exhortacion a ella; embolismo moral, etc.]</marc:subfield></marc:datafield><marc:datafield tag="250" ind1=" " ind2=" "><marc:subfield code="a">[Another edition.]</marc:subfield></marc:datafield><marc:datafield tag="580" ind1=" " ind2=" "><marc:subfield code="a">In: Curiosidades. Curiosidades de Mística parda. 1897. 8º.</marc:subfield></marc:datafield><marc:datafield tag="787" ind1="0" ind2=" "><marc:subfield code="t">Virtud al Uso, y mística a la moda, destierro de la hipocresía, en frase de exhortacion a ella; embolismo moral, etc.</marc:subfield><marc:subfield code="d">pp. 30. 1847.</marc:subfield><marc:subfield code="w">(Uk)MP1.0000027240</marc:subfield></marc:datafield><marc:datafield tag="852" ind1="4" ind2="1"><marc:subfield code="a">British Library</marc:subfield><marc:subfield code="b">HMNTS</marc:subfield><marc:subfield code="j">3900.aa.34.</marc:subfield></marc:datafield></marc:record>