
<marc:record><marc:leader>00810cam a22001693  4500</marc:leader>
<marc:controlfield tag="001">000024518</marc:controlfield>
<marc:controlfield tag="003">Uk</marc:controlfield><marc:controlfield tag="005">20110128153000.0</marc:controlfield><marc:controlfield tag="008">871006|1810|||||||    ||    |||| |||||  </marc:controlfield><marc:datafield tag="040" ind1=" " ind2=" "><marc:subfield code="a">Uk</marc:subfield><marc:subfield code="c">Uk</marc:subfield></marc:datafield><marc:datafield tag="245" ind1="1" ind2="0"><marc:subfield code="a">Letra de la musica, que se canta en la famosa comedia intitulada: Afectos de odio, y amor [by Pedro Calderon de la Barca].</marc:subfield></marc:datafield><marc:datafield tag="260" ind1=" " ind2=" "><marc:subfield code="a">Lima,</marc:subfield><marc:subfield code="c">[1810?]</marc:subfield></marc:datafield><marc:datafield tag="300" ind1=" " ind2=" "><marc:subfield code="c">4º.</marc:subfield></marc:datafield><marc:datafield tag="700" ind1="1" ind2=" "><marc:subfield code="a">Calderón de la Barca, Pedro,</marc:subfield><marc:subfield code="d">1600-1681.</marc:subfield><marc:subfield code="t">Comedias. Single Comedias. Comedia famosa. Afectos de Odio y Amor, etc. MS. note [by J. R. Chorley].</marc:subfield></marc:datafield><marc:datafield tag="720" ind1=" " ind2=" "><marc:subfield code="a">AFECTOS</marc:subfield><marc:subfield code="e">main entry</marc:subfield></marc:datafield><marc:datafield tag="852" ind1="4" ind2="1"><marc:subfield code="a">British Library</marc:subfield><marc:subfield code="b">HMNTS</marc:subfield><marc:subfield code="j">11726.aaa.14.(9.)</marc:subfield></marc:datafield><marc:datafield tag="886" ind1="2" ind2=" "><marc:subfield code="2">blmarc</marc:subfield><marc:subfield code="a">709</marc:subfield><marc:subfield code="b">00</marc:subfield><marc:subfield code="a">CALDERÓN DE LA BARCA</marc:subfield><marc:subfield code="h">Pedro</marc:subfield><marc:subfield code="t">Comedias</marc:subfield><marc:subfield code="t">Single Comedias</marc:subfield><marc:subfield code="t">Comedia famosa. Afectos de Odio y Amor, etc. MS. note [by J. R. Chorley].</marc:subfield><marc:subfield code="p">11726.aaa.14.(9.)</marc:subfield><marc:subfield code="x">0510260071</marc:subfield></marc:datafield></marc:record>