
<marc:record><marc:leader>00677cam a22001693  4500</marc:leader>
<marc:controlfield tag="001">000024642</marc:controlfield>
<marc:controlfield tag="003">Uk</marc:controlfield><marc:controlfield tag="005">20110311165900.0</marc:controlfield><marc:controlfield tag="008">871006|1893|||||||    ||     ||| |||||  </marc:controlfield><marc:datafield tag="040" ind1=" " ind2=" "><marc:subfield code="a">Uk</marc:subfield><marc:subfield code="c">Uk</marc:subfield></marc:datafield><marc:datafield tag="100" ind1="1" ind2=" "><marc:subfield code="a">AFFÒ, Teresa.</marc:subfield></marc:datafield><marc:datafield tag="245" ind1="1" ind2="0"><marc:subfield code="a">L'Orlando Innamorato del conte M. M. Boiardo. Saggio.</marc:subfield></marc:datafield><marc:datafield tag="260" ind1=" " ind2=" "><marc:subfield code="a">Milano,</marc:subfield><marc:subfield code="c">1893.</marc:subfield></marc:datafield><marc:datafield tag="300" ind1=" " ind2=" "><marc:subfield code="a">68 p. ;</marc:subfield><marc:subfield code="c">8º.</marc:subfield></marc:datafield><marc:datafield tag="700" ind1="1" ind2=" "><marc:subfield code="a">BOIARDO, Matteo Maria,</marc:subfield><marc:subfield code="c">Count di Scandiano.</marc:subfield><marc:subfield code="t">Extrait de Roland L'Amoureux ... par M. le Comte de Tressan.</marc:subfield></marc:datafield><marc:datafield tag="852" ind1="4" ind2="1"><marc:subfield code="a">British Library</marc:subfield><marc:subfield code="b">HMNTS</marc:subfield><marc:subfield code="j">011824.f.67.(7.)</marc:subfield></marc:datafield><marc:datafield tag="886" ind1="2" ind2=" "><marc:subfield code="2">blmarc</marc:subfield><marc:subfield code="a">709</marc:subfield><marc:subfield code="b">00</marc:subfield><marc:subfield code="a">BOIARDO</marc:subfield><marc:subfield code="h">Matteo Maria</marc:subfield><marc:subfield code="f">Count di Scandiano</marc:subfield><marc:subfield code="t">Extrait de Roland L'Amoureux ... par M. le Comte de Tressan.</marc:subfield><marc:subfield code="p">011824.f.67.(7.)</marc:subfield><marc:subfield code="x">0361890109</marc:subfield></marc:datafield></marc:record>