
<marc:record><marc:leader>00867cam a22001573  4500</marc:leader>
<marc:controlfield tag="001">000024679</marc:controlfield>
<marc:controlfield tag="003">Uk</marc:controlfield><marc:controlfield tag="005">20110421155500.0</marc:controlfield><marc:controlfield tag="008">871006|1835|||||||    ||     ||| |||||  </marc:controlfield><marc:datafield tag="040" ind1=" " ind2=" "><marc:subfield code="a">Uk</marc:subfield><marc:subfield code="c">Uk</marc:subfield></marc:datafield><marc:datafield tag="100" ind1="1" ind2=" "><marc:subfield code="a">AFFRE, Denis Auguste,</marc:subfield><marc:subfield code="c">Archbishop of Paris.</marc:subfield></marc:datafield><marc:datafield tag="245" ind1="1" ind2="0"><marc:subfield code="a">Traité de l'administration temporelle des paroisses, suivi d'une table chronologique qui renferme le texte des principales lois et d'un grand nombre de decrets et d'avis du Conseil d'État ... Troisième édition.</marc:subfield></marc:datafield><marc:datafield tag="260" ind1=" " ind2=" "><marc:subfield code="a">Paris,</marc:subfield><marc:subfield code="c">1835.</marc:subfield></marc:datafield><marc:datafield tag="300" ind1=" " ind2=" "><marc:subfield code="a">xxiv, 554 p. ;</marc:subfield><marc:subfield code="c">8º.</marc:subfield></marc:datafield><marc:datafield tag="775" ind1="0" ind2=" "><marc:subfield code="t">[Traité de l'administration temporelle des paroisses, suivi d'une table chronologique qui renferme le texte des principales lois et d'un grand nombre de decrets et d'avis du Conseil d'État ... Troisième édition.]</marc:subfield><marc:subfield code="d">pp. 685. Paris, 1845. 8º.</marc:subfield><marc:subfield code="w">(Uk)MP1.0000027460.1</marc:subfield></marc:datafield><marc:datafield tag="852" ind1="4" ind2="1"><marc:subfield code="a">British Library</marc:subfield><marc:subfield code="b">HMNTS</marc:subfield><marc:subfield code="j">879.e.16.</marc:subfield></marc:datafield></marc:record>