
<marc:record><marc:leader>00471 am a22001453  4500</marc:leader>
<marc:controlfield tag="001">000024682</marc:controlfield>
<marc:controlfield tag="003">Uk</marc:controlfield><marc:controlfield tag="005">20091125222400.0</marc:controlfield><marc:controlfield tag="008">871006|1848|||||||    ||     ||| |||||  </marc:controlfield><marc:datafield tag="040" ind1=" " ind2=" "><marc:subfield code="a">Uk</marc:subfield><marc:subfield code="c">Uk</marc:subfield></marc:datafield><marc:datafield tag="100" ind1="1" ind2=" "><marc:subfield code="a">AFFRE, Denis Auguste,</marc:subfield><marc:subfield code="c">Archbishop of Paris.</marc:subfield></marc:datafield><marc:datafield tag="245" ind1="1" ind2="0"><marc:subfield code="a">Récit des circonstances qui ont précédé et accompagné la mort de Monseigneur l'Archevêque de Paris.</marc:subfield></marc:datafield><marc:datafield tag="260" ind1=" " ind2=" "><marc:subfield code="a">Paris,</marc:subfield><marc:subfield code="c">1848.</marc:subfield></marc:datafield><marc:datafield tag="300" ind1=" " ind2=" "><marc:subfield code="a">13 p. ;</marc:subfield><marc:subfield code="c">8º.</marc:subfield></marc:datafield><marc:datafield tag="852" ind1="4" ind2="1"><marc:subfield code="a">British Library</marc:subfield><marc:subfield code="b">HMNTS</marc:subfield><marc:subfield code="j">1320.d.43.(1.)</marc:subfield></marc:datafield></marc:record>