
<marc:record><marc:leader>00722cam a22001813  4500</marc:leader>
<marc:controlfield tag="001">000024741</marc:controlfield>
<marc:controlfield tag="003">Uk</marc:controlfield><marc:controlfield tag="005">20110311165900.0</marc:controlfield><marc:controlfield tag="008">990812|1896|||||||    ||    |||| |||||  </marc:controlfield><marc:datafield tag="040" ind1=" " ind2=" "><marc:subfield code="a">Uk</marc:subfield><marc:subfield code="c">Uk</marc:subfield></marc:datafield><marc:datafield tag="245" ind1="1" ind2="0"><marc:subfield code="a">En la Culpa está el Castigo. Drama en tres actos. Por un Aficionado [i.e. Antonio N. Pereira].</marc:subfield></marc:datafield><marc:datafield tag="260" ind1=" " ind2=" "><marc:subfield code="a">Montevideo,</marc:subfield><marc:subfield code="c">1896.</marc:subfield></marc:datafield><marc:datafield tag="300" ind1=" " ind2=" "><marc:subfield code="a">41 p. ;</marc:subfield><marc:subfield code="c">8º.</marc:subfield></marc:datafield><marc:datafield tag="700" ind1="1" ind2=" "><marc:subfield code="a">PEREIRA, Antonio N.</marc:subfield></marc:datafield><marc:datafield tag="720" ind1=" " ind2=" "><marc:subfield code="a">AFICIONADO</marc:subfield><marc:subfield code="e">main entry</marc:subfield></marc:datafield><marc:datafield tag="787" ind1="0" ind2=" "><marc:subfield code="t">[En la Culpa está el Castigo. Drama en tres actos. Por un Aficionado [i.e. Antonio N. Pereira].]</marc:subfield><marc:subfield code="d">Montevideo, 1896. 8º.</marc:subfield><marc:subfield code="w">(Uk)MP1.0000027538.1</marc:subfield></marc:datafield><marc:datafield tag="852" ind1="4" ind2="1"><marc:subfield code="a">British Library</marc:subfield><marc:subfield code="b">HMNTS</marc:subfield><marc:subfield code="j">11725.ccc.3.(9.)</marc:subfield></marc:datafield><marc:datafield tag="886" ind1="2" ind2=" "><marc:subfield code="2">blmarc</marc:subfield><marc:subfield code="a">709</marc:subfield><marc:subfield code="b">00</marc:subfield><marc:subfield code="a">PEREIRA</marc:subfield><marc:subfield code="h">Antonio N.</marc:subfield><marc:subfield code="p">11725.ccc.3.(9.)</marc:subfield><marc:subfield code="x">2513280202</marc:subfield></marc:datafield></marc:record>