
<marc:record><marc:leader>00656cam a22001573  4500</marc:leader>
<marc:controlfield tag="001">000024748</marc:controlfield>
<marc:controlfield tag="003">Uk</marc:controlfield><marc:controlfield tag="005">20110311165900.0</marc:controlfield><marc:controlfield tag="008">990812|1893|||||||    ||    |||| |||||  </marc:controlfield><marc:datafield tag="040" ind1=" " ind2=" "><marc:subfield code="a">Uk</marc:subfield><marc:subfield code="c">Uk</marc:subfield></marc:datafield><marc:datafield tag="245" ind1="1" ind2="0"><marc:subfield code="a">[Los Intransigentes. Juguete cómico en un acto, escrito por un Aficionado [i.e. Antonio N. Pereira].]</marc:subfield></marc:datafield><marc:datafield tag="260" ind1=" " ind2=" "><marc:subfield code="a">Montevideo,</marc:subfield><marc:subfield code="c">1893.</marc:subfield></marc:datafield><marc:datafield tag="300" ind1=" " ind2=" "><marc:subfield code="a">31 p. ;</marc:subfield><marc:subfield code="c">8º.</marc:subfield></marc:datafield><marc:datafield tag="720" ind1=" " ind2=" "><marc:subfield code="a">AFICIONADO</marc:subfield><marc:subfield code="e">main entry</marc:subfield></marc:datafield><marc:datafield tag="787" ind1="0" ind2=" "><marc:subfield code="t">Los Intransigentes. Juguete cómico en un acto, escrito por un Aficionado [i.e. Antonio N. Pereira].</marc:subfield><marc:subfield code="d">pp. 31. Montevideo, 1893. 8º.</marc:subfield><marc:subfield code="w">(Uk)MP1.0000027542</marc:subfield></marc:datafield><marc:datafield tag="852" ind1="4" ind2="1"><marc:subfield code="a">British Library</marc:subfield><marc:subfield code="b">HMNTS</marc:subfield><marc:subfield code="j">11725.ccc.2.(9.)</marc:subfield><marc:subfield code="3">[A reissue with the author's name.]</marc:subfield></marc:datafield></marc:record>