
<marc:record><marc:leader>00805cam a22001813  4500</marc:leader>
<marc:controlfield tag="001">000024834</marc:controlfield>
<marc:controlfield tag="003">Uk</marc:controlfield><marc:controlfield tag="005">20070116143330.0</marc:controlfield><marc:controlfield tag="008">871006|1869|||||||    ||    |||| ||eng  </marc:controlfield><marc:datafield tag="040" ind1=" " ind2=" "><marc:subfield code="a">Uk</marc:subfield><marc:subfield code="c">Uk</marc:subfield></marc:datafield><marc:datafield tag="245" ind1="1" ind2="4"><marc:subfield code="a">The Homilies of Aphraates, the Persian Sage. Edited from Syriac manuscripts ... in the British Museum, with an English translation, by W. Wright. vol. 1. The Syriac text.</marc:subfield></marc:datafield><marc:datafield tag="260" ind1=" " ind2=" "><marc:subfield code="a">pp. 69. 508. Williams &amp; Norgate: London, Edinburgh, 1869.</marc:subfield></marc:datafield><marc:datafield tag="300" ind1=" " ind2=" "><marc:subfield code="a">4º.</marc:subfield></marc:datafield><marc:datafield tag="500" ind1=" " ind2=" "><marc:subfield code="a">No more published.</marc:subfield></marc:datafield><marc:datafield tag="700" ind1="0" ind2=" "><marc:subfield code="a">Aphraates,</marc:subfield><marc:subfield code="c">the Persian sage,</marc:subfield><marc:subfield code="d">active 337-345.</marc:subfield></marc:datafield><marc:datafield tag="700" ind1="1" ind2=" "><marc:subfield code="a">WRIGHT, William,</marc:subfield><marc:subfield code="c">Professor of Arabic in the University of Cambridge.</marc:subfield></marc:datafield><marc:datafield tag="852" ind1="4" ind2="1"><marc:subfield code="a">British Library</marc:subfield><marc:subfield code="b">OC</marc:subfield><marc:subfield code="j">753.k.15.</marc:subfield></marc:datafield><marc:datafield tag="886" ind1="2" ind2=" "><marc:subfield code="2">blmarc</marc:subfield><marc:subfield code="a">709</marc:subfield><marc:subfield code="b">00</marc:subfield><marc:subfield code="a">WRIGHT</marc:subfield><marc:subfield code="h">William</marc:subfield><marc:subfield code="f">Professor of Arabic in the University of Cambridge</marc:subfield><marc:subfield code="p">753.k.15.</marc:subfield><marc:subfield code="x">3562900023</marc:subfield></marc:datafield></marc:record>