
<marc:record><marc:leader>00681cam a22001813  4500</marc:leader>
<marc:controlfield tag="001">000024835</marc:controlfield>
<marc:controlfield tag="003">Uk</marc:controlfield><marc:controlfield tag="005">20070116143513.0</marc:controlfield><marc:controlfield tag="008">871006|1888|||||||    ||    |||| |||||  </marc:controlfield><marc:datafield tag="040" ind1=" " ind2=" "><marc:subfield code="a">Uk</marc:subfield><marc:subfield code="c">Uk</marc:subfield></marc:datafield><marc:datafield tag="245" ind1="1" ind2="0"><marc:subfield code="a">Aphrhat's des persischen Weisen Homilien. Aus dem Syrischen übersetzt und erläutert von ... G. Bert.</marc:subfield></marc:datafield><marc:datafield tag="260" ind1=" " ind2=" "><marc:subfield code="a">Leipzig,</marc:subfield><marc:subfield code="c">1888.</marc:subfield></marc:datafield><marc:datafield tag="300" ind1=" " ind2=" "><marc:subfield code="a">ii, 431 p. ;</marc:subfield><marc:subfield code="c">8º.</marc:subfield></marc:datafield><marc:datafield tag="490" ind1="0" ind2=" "><marc:subfield code="a">[Texte und Untersuchungen zur Geshichte der altchristlichen Literatur, etc. Bd. 3. Hft. 3, 4.]</marc:subfield></marc:datafield><marc:datafield tag="700" ind1="0" ind2=" "><marc:subfield code="a">Aphraates,</marc:subfield><marc:subfield code="c">the Persian sage,</marc:subfield><marc:subfield code="d">active 337-345.</marc:subfield></marc:datafield><marc:datafield tag="700" ind1="1" ind2=" "><marc:subfield code="a">BERT, Georg.</marc:subfield></marc:datafield><marc:datafield tag="852" ind1="4" ind2="1"><marc:subfield code="a">British Library</marc:subfield><marc:subfield code="b">HMNTS</marc:subfield><marc:subfield code="j">3628.d.1/3.</marc:subfield></marc:datafield><marc:datafield tag="886" ind1="2" ind2=" "><marc:subfield code="2">blmarc</marc:subfield><marc:subfield code="a">709</marc:subfield><marc:subfield code="b">00</marc:subfield><marc:subfield code="a">BERT</marc:subfield><marc:subfield code="h">Georg</marc:subfield><marc:subfield code="p">3628.d.1/3.</marc:subfield><marc:subfield code="x">0272070262</marc:subfield></marc:datafield></marc:record>