
<marc:record><marc:leader>00558cam a22001573  4500</marc:leader>
<marc:controlfield tag="001">000024836</marc:controlfield>
<marc:controlfield tag="003">Uk</marc:controlfield><marc:controlfield tag="005">20070116143414.0</marc:controlfield><marc:controlfield tag="008">871006|1874|||||||    ||    |||| |||||  </marc:controlfield><marc:datafield tag="040" ind1=" " ind2=" "><marc:subfield code="a">Uk</marc:subfield><marc:subfield code="c">Uk</marc:subfield></marc:datafield><marc:datafield tag="245" ind1="1" ind2="0"><marc:subfield code="a">Ausgewählte Schriften der syrischen Kirhenväter Aphraates, Rabulas und Isaak v. Nineve ... übersetzt von ... G. Bickell.</marc:subfield></marc:datafield><marc:datafield tag="260" ind1=" " ind2=" "><marc:subfield code="a">Kempten,</marc:subfield><marc:subfield code="c">1874.</marc:subfield></marc:datafield><marc:datafield tag="300" ind1=" " ind2=" "><marc:subfield code="a">426 p. ;</marc:subfield><marc:subfield code="c">16º.</marc:subfield></marc:datafield><marc:datafield tag="490" ind1="0" ind2=" "><marc:subfield code="a">[Bibliothek der Kirchenväter, etc. no. 102, 103.]</marc:subfield></marc:datafield><marc:datafield tag="700" ind1="0" ind2=" "><marc:subfield code="a">Aphraates,</marc:subfield><marc:subfield code="c">the Persian sage,</marc:subfield><marc:subfield code="d">active 337-345.</marc:subfield></marc:datafield><marc:datafield tag="852" ind1="4" ind2="1"><marc:subfield code="a">British Library</marc:subfield><marc:subfield code="b">HMNTS</marc:subfield><marc:subfield code="j">3677.de.14.</marc:subfield></marc:datafield></marc:record>