
<marc:record><marc:leader>01303 am a22001933  4500</marc:leader>
<marc:controlfield tag="001">000024875</marc:controlfield>
<marc:controlfield tag="003">Uk</marc:controlfield><marc:controlfield tag="005">20091125222400.0</marc:controlfield><marc:controlfield tag="008">871006|1816|||||||    ||    |||| |||||  </marc:controlfield><marc:datafield tag="040" ind1=" " ind2=" "><marc:subfield code="a">Uk</marc:subfield><marc:subfield code="c">Uk</marc:subfield></marc:datafield><marc:datafield tag="245" ind1="1" ind2="0"><marc:subfield code="a">British Justice in Africa; developed in official and other documents, concerning certain recent proceedings at the British forts on the coast of Guinea. To which is prefixed an introduction, by the English editor. The whole submitted to the consideration of His Majesty's Ministers and both Houses of Parliament. [With special reference to Anthony C. Hutton.]</marc:subfield></marc:datafield><marc:datafield tag="260" ind1=" " ind2=" "><marc:subfield code="a">pp. xliv. 149 [49]. J. Innes: London, [1816?]</marc:subfield></marc:datafield><marc:datafield tag="300" ind1=" " ind2=" "><marc:subfield code="a">8º.</marc:subfield></marc:datafield><marc:datafield tag="700" ind1="1" ind2=" "><marc:subfield code="a">HUTTON, Anthony Calvert.</marc:subfield></marc:datafield><marc:datafield tag="720" ind1=" " ind2=" "><marc:subfield code="a">AFRICA</marc:subfield><marc:subfield code="e">main entry</marc:subfield></marc:datafield><marc:datafield tag="852" ind1="4" ind2="1"><marc:subfield code="a">British Library</marc:subfield><marc:subfield code="b">HMNTS</marc:subfield><marc:subfield code="j">8155.d.31.</marc:subfield></marc:datafield><marc:datafield tag="852" ind1="4" ind2="1"><marc:subfield code="a">British Library</marc:subfield><marc:subfield code="b">HMNTS</marc:subfield><marc:subfield code="j">B.496.(12.)</marc:subfield><marc:subfield code="3">[Another copy.]***Imperfect; wanting the half-title.</marc:subfield></marc:datafield><marc:datafield tag="852" ind1="4" ind2="1"><marc:subfield code="a">British Library</marc:subfield><marc:subfield code="b">HMNTS</marc:subfield><marc:subfield code="j">1490.dd.48.</marc:subfield><marc:subfield code="3">[Another copy.] British Justice in Africa; developed in official and other documents, concerning certain recent proceedings at the British Forts on the Gold Coast, etc. London, [1816?] 8º.***A variant. With alterations to the title and numeration of the last page corrected to '49'.</marc:subfield></marc:datafield><marc:datafield tag="886" ind1="2" ind2=" "><marc:subfield code="2">blmarc</marc:subfield><marc:subfield code="a">709</marc:subfield><marc:subfield code="b">00</marc:subfield><marc:subfield code="a">HUTTON</marc:subfield><marc:subfield code="h">Anthony Calvert</marc:subfield><marc:subfield code="p">B.496.(12.)</marc:subfield><marc:subfield code="x">156363001X</marc:subfield><marc:subfield code="p">8155.d.31.</marc:subfield><marc:subfield code="x">156363001X</marc:subfield></marc:datafield></marc:record>