
<marc:record><marc:leader>00891cam a22001933  4500</marc:leader>
<marc:controlfield tag="001">000024905</marc:controlfield>
<marc:controlfield tag="003">Uk</marc:controlfield><marc:controlfield tag="005">20121106110630.0</marc:controlfield><marc:controlfield tag="008">871006|1830|||||||    ||    |||| ||eng  </marc:controlfield><marc:datafield tag="040" ind1=" " ind2=" "><marc:subfield code="a">Uk</marc:subfield><marc:subfield code="c">Uk</marc:subfield></marc:datafield><marc:datafield tag="245" ind1="0" ind2="4"><marc:subfield code="a">The History of Africa. By the author of Conversations on Chronology.</marc:subfield></marc:datafield><marc:datafield tag="260" ind1=" " ind2=" "><marc:subfield code="a">London :</marc:subfield><marc:subfield code="b">H. Colburn &amp; R. Bentley,</marc:subfield><marc:subfield code="c">1830.</marc:subfield></marc:datafield><marc:datafield tag="300" ind1=" " ind2=" "><marc:subfield code="a">viii, 311 p. ;</marc:subfield><marc:subfield code="c">12º.</marc:subfield></marc:datafield><marc:datafield tag="500" ind1=" " ind2=" "><marc:subfield code="a">Attributed to Jane Marcet by Halkett &amp; Laing: Dictionary of Anonymous and Pseudonymous English Literature (1928); also attributed to Jane Webb (later Loudon) by Susan Matoff.</marc:subfield></marc:datafield><marc:datafield tag="510" ind1="4" ind2=" "><marc:subfield code="a">Halkett &amp; Laing: Dictionary of Anonymous and Pseudonymous English Literature (1928).</marc:subfield></marc:datafield><marc:datafield tag="510" ind1="4" ind2=" "><marc:subfield code="a">Matoff, Susan: Conflicted life: William Jerdan, 1782-1869 (2011).</marc:subfield><marc:subfield code="c">p.241.</marc:subfield></marc:datafield><marc:datafield tag="700" ind1="1" ind2=" "><marc:subfield code="a">Marcet,</marc:subfield><marc:subfield code="c">Mrs.</marc:subfield><marc:subfield code="q">(Jane Haldimand),</marc:subfield><marc:subfield code="d">1769-1858</marc:subfield></marc:datafield><marc:datafield tag="700" ind1="1" ind2=" "><marc:subfield code="a">Loudon,</marc:subfield><marc:subfield code="c">Mrs.</marc:subfield><marc:subfield code="q">(Jane),</marc:subfield><marc:subfield code="d">1807-1858</marc:subfield></marc:datafield><marc:datafield tag="852" ind1="4" ind2="1"><marc:subfield code="a">British Library</marc:subfield><marc:subfield code="b">HMNTS</marc:subfield><marc:subfield code="j">1210.d.7.</marc:subfield></marc:datafield></marc:record>