
<marc:record><marc:leader>00492 am a22001453  4500</marc:leader>
<marc:controlfield tag="001">000024943</marc:controlfield>
<marc:controlfield tag="003">Uk</marc:controlfield><marc:controlfield tag="005">20091125222500.0</marc:controlfield><marc:controlfield tag="008">871006|1893|||||||    ||    |||| |||||  </marc:controlfield><marc:datafield tag="040" ind1=" " ind2=" "><marc:subfield code="a">Uk</marc:subfield><marc:subfield code="c">Uk</marc:subfield></marc:datafield><marc:datafield tag="245" ind1="1" ind2="0"><marc:subfield code="a">Sailing Directions for the Southern Coast of Africa, comprised between Table Bay and Delagoa Bay, also for Prince Edward and Crozet Islands.</marc:subfield></marc:datafield><marc:datafield tag="260" ind1=" " ind2=" "><marc:subfield code="a">London :</marc:subfield><marc:subfield code="b">J. Imray &amp; Son,</marc:subfield><marc:subfield code="c">1893.</marc:subfield></marc:datafield><marc:datafield tag="300" ind1=" " ind2=" "><marc:subfield code="a">128 p. ;</marc:subfield><marc:subfield code="c">8º.</marc:subfield></marc:datafield><marc:datafield tag="720" ind1=" " ind2=" "><marc:subfield code="a">AFRICA</marc:subfield><marc:subfield code="e">main entry</marc:subfield></marc:datafield><marc:datafield tag="852" ind1="4" ind2="1"><marc:subfield code="a">British Library</marc:subfield><marc:subfield code="b">HMNTS</marc:subfield><marc:subfield code="j">10496.a.11.</marc:subfield></marc:datafield></marc:record>