
<marc:record><marc:leader>01032cam a22001933  4500</marc:leader>
<marc:controlfield tag="001">000024964</marc:controlfield>
<marc:controlfield tag="003">Uk</marc:controlfield><marc:controlfield tag="005">20130715184800.0</marc:controlfield><marc:controlfield tag="008">871006|1816||||enk    ||    |||| |||||  </marc:controlfield><marc:datafield tag="040" ind1=" " ind2=" "><marc:subfield code="a">Uk</marc:subfield><marc:subfield code="c">Uk</marc:subfield></marc:datafield><marc:datafield tag="245" ind1="1" ind2="0"><marc:subfield code="a">[Thoughts on the Abolition of the Slave Trade, and civilization of Africa, with remarks on the African Institution and an examination of the report of their Committee, etc. [By Joseph Marryat.]]</marc:subfield></marc:datafield><marc:datafield tag="250" ind1=" " ind2=" "><marc:subfield code="a">Third edition.</marc:subfield></marc:datafield><marc:datafield tag="260" ind1=" " ind2=" "><marc:subfield code="a">London :</marc:subfield><marc:subfield code="b">J. M. Richardson and J. Ridgway,</marc:subfield><marc:subfield code="c">1816.</marc:subfield></marc:datafield><marc:datafield tag="300" ind1=" " ind2=" "><marc:subfield code="a">vii, 235 p. ;</marc:subfield><marc:subfield code="c">8º.</marc:subfield></marc:datafield><marc:datafield tag="710" ind1="2" ind2=" "><marc:subfield code="a">African Institution (AFRICA)</marc:subfield></marc:datafield><marc:datafield tag="720" ind1=" " ind2=" "><marc:subfield code="a">AFRICA</marc:subfield><marc:subfield code="e">main entry</marc:subfield></marc:datafield><marc:datafield tag="787" ind1="0" ind2=" "><marc:subfield code="t">Thoughts on the Abolition of the Slave Trade, and civilization of Africa, with remarks on the African Institution and an examination of the report of their Committee, etc. [By Joseph Marryat.]</marc:subfield><marc:subfield code="d">pp. vii. 235. J. M. Richardson and J. Ridgway: London, 1816. 8º.</marc:subfield><marc:subfield code="w">(Uk)MP1.0000027793</marc:subfield></marc:datafield><marc:datafield tag="852" ind1="4" ind2="1"><marc:subfield code="a">British Library</marc:subfield><marc:subfield code="b">HMNTS</marc:subfield><marc:subfield code="j">1102.g.14.(5.)</marc:subfield></marc:datafield><marc:datafield tag="886" ind1="2" ind2=" "><marc:subfield code="2">blmarc</marc:subfield><marc:subfield code="a">709</marc:subfield><marc:subfield code="b">00</marc:subfield><marc:subfield code="a">AFRICA</marc:subfield><marc:subfield code="d">African Institution</marc:subfield><marc:subfield code="p">1102.g.14.(5.)</marc:subfield><marc:subfield code="x">0030870100</marc:subfield></marc:datafield></marc:record>