
<marc:record><marc:leader>00796 am a22001693  4500</marc:leader>
<marc:controlfield tag="001">000024967</marc:controlfield>
<marc:controlfield tag="003">Uk</marc:controlfield><marc:controlfield tag="005">20091125222500.0</marc:controlfield><marc:controlfield tag="008">871006|1889|||||||    ||    |||| |||||  </marc:controlfield><marc:datafield tag="040" ind1=" " ind2=" "><marc:subfield code="a">Uk</marc:subfield><marc:subfield code="c">Uk</marc:subfield></marc:datafield><marc:datafield tag="245" ind1="1" ind2="0"><marc:subfield code="a">La Tratta degli schiavi in Africa ed i suoi orrori rilevati sulla scorta dei discorsi del Cardinal Lavigerie ... Traduzione dal Tedesco ... Preceduta da una lettera dedicatoria ... e seguita da una lettera del Cardinal Lavigerie ai Cattolici di Palermo e d'Italia. Traduzione dal Francese.</marc:subfield></marc:datafield><marc:datafield tag="260" ind1=" " ind2=" "><marc:subfield code="a">Roma,</marc:subfield><marc:subfield code="c">1889.</marc:subfield></marc:datafield><marc:datafield tag="300" ind1=" " ind2=" "><marc:subfield code="a">80 p. ;</marc:subfield><marc:subfield code="c">8º.</marc:subfield></marc:datafield><marc:datafield tag="700" ind1="1" ind2=" "><marc:subfield code="a">ALLEMAND-LAVIGERIE, Charles Martial,</marc:subfield><marc:subfield code="c">Cardinal.</marc:subfield></marc:datafield><marc:datafield tag="720" ind1=" " ind2=" "><marc:subfield code="a">AFRICA</marc:subfield><marc:subfield code="e">main entry</marc:subfield></marc:datafield><marc:datafield tag="852" ind1="4" ind2="1"><marc:subfield code="a">British Library</marc:subfield><marc:subfield code="b">HMNTS</marc:subfield><marc:subfield code="j">8156.ee.15.(5.)</marc:subfield></marc:datafield><marc:datafield tag="886" ind1="2" ind2=" "><marc:subfield code="2">blmarc</marc:subfield><marc:subfield code="a">709</marc:subfield><marc:subfield code="b">00</marc:subfield><marc:subfield code="a">ALLEMAND-LAVIGERIE</marc:subfield><marc:subfield code="h">Charles Martial</marc:subfield><marc:subfield code="f">Cardinal</marc:subfield><marc:subfield code="p">8156.ee.15.(5.)</marc:subfield><marc:subfield code="x">0054170168</marc:subfield></marc:datafield></marc:record>