
<marc:record><marc:leader>00759 am a22001933  4500</marc:leader>
<marc:controlfield tag="001">000024972</marc:controlfield>
<marc:controlfield tag="003">Uk</marc:controlfield><marc:controlfield tag="005">20091125222500.0</marc:controlfield><marc:controlfield tag="008">871006|1840|||||||    ||    |||| |||||  </marc:controlfield><marc:datafield tag="040" ind1=" " ind2=" "><marc:subfield code="a">Uk</marc:subfield><marc:subfield code="c">Uk</marc:subfield></marc:datafield><marc:datafield tag="245" ind1="1" ind2="0"><marc:subfield code="a">Voyage en Afrique au royaume de Barcah, et dans la Cyrénaique, à travers le désert. Traduit [from Paolo della Cella] et augmenté de notes historiques, géographiques et botaniques ... par A. Pezant.</marc:subfield></marc:datafield><marc:datafield tag="260" ind1=" " ind2=" "><marc:subfield code="a">Paris,</marc:subfield><marc:subfield code="c">1840.</marc:subfield></marc:datafield><marc:datafield tag="300" ind1=" " ind2=" "><marc:subfield code="a">xvi. 432 p. ;</marc:subfield><marc:subfield code="c">8º.</marc:subfield></marc:datafield><marc:datafield tag="700" ind1="1" ind2=" "><marc:subfield code="a">CELLA, Paolo della.</marc:subfield></marc:datafield><marc:datafield tag="700" ind1="1" ind2=" "><marc:subfield code="a">PEZANT, Adolphe.</marc:subfield></marc:datafield><marc:datafield tag="720" ind1=" " ind2=" "><marc:subfield code="a">AFRICA</marc:subfield><marc:subfield code="e">main entry</marc:subfield></marc:datafield><marc:datafield tag="852" ind1="4" ind2="1"><marc:subfield code="a">British Library</marc:subfield><marc:subfield code="b">HMNTS</marc:subfield><marc:subfield code="j">789.b.10.</marc:subfield></marc:datafield><marc:datafield tag="886" ind1="2" ind2=" "><marc:subfield code="2">blmarc</marc:subfield><marc:subfield code="a">709</marc:subfield><marc:subfield code="b">00</marc:subfield><marc:subfield code="a">CELLA</marc:subfield><marc:subfield code="h">Paolo della</marc:subfield><marc:subfield code="p">789.b.10.</marc:subfield><marc:subfield code="x">0570990238</marc:subfield></marc:datafield><marc:datafield tag="886" ind1="2" ind2=" "><marc:subfield code="2">blmarc</marc:subfield><marc:subfield code="a">709</marc:subfield><marc:subfield code="b">00</marc:subfield><marc:subfield code="a">PEZANT</marc:subfield><marc:subfield code="h">Adolphe</marc:subfield><marc:subfield code="p">789.b.10.</marc:subfield><marc:subfield code="x">2570020230</marc:subfield></marc:datafield></marc:record>