
<marc:record><marc:leader>00633cam a22001573  4500</marc:leader>
<marc:controlfield tag="001">000024991</marc:controlfield>
<marc:controlfield tag="003">Uk</marc:controlfield><marc:controlfield tag="005">20100917162600.0</marc:controlfield><marc:controlfield tag="008">871006|1821|||||||    ||     ||| |||||  </marc:controlfield><marc:datafield tag="040" ind1=" " ind2=" "><marc:subfield code="a">Uk</marc:subfield><marc:subfield code="c">Uk</marc:subfield></marc:datafield><marc:datafield tag="110" ind1="2" ind2=" "><marc:subfield code="a">African Institution (AFRICA)</marc:subfield></marc:datafield><marc:datafield tag="245" ind1="1" ind2="0"><marc:subfield code="a">Foreign Slave Trade, etc.</marc:subfield></marc:datafield><marc:datafield tag="260" ind1=" " ind2=" "><marc:subfield code="a">London,</marc:subfield><marc:subfield code="c">1821.</marc:subfield></marc:datafield><marc:datafield tag="300" ind1=" " ind2=" "><marc:subfield code="c">8º.</marc:subfield></marc:datafield><marc:datafield tag="787" ind1="0" ind2=" "><marc:subfield code="t">Foreign Slave Trade. Abstract of the information laid on the table of the House of Commons on the subject of the slave trade; being a report made by a committee ... to the African Institution.</marc:subfield><marc:subfield code="d">pp. 180. London, 1821. 8º.</marc:subfield><marc:subfield code="w">(Uk)MP1.0000027818</marc:subfield></marc:datafield><marc:datafield tag="852" ind1="4" ind2="1"><marc:subfield code="a">British Library</marc:subfield><marc:subfield code="b">HMNTS</marc:subfield><marc:subfield code="j">8158.b.3.</marc:subfield><marc:subfield code="3">[Another issue.]</marc:subfield></marc:datafield></marc:record>