
<marc:record><marc:leader>00949cam a22002053  4500</marc:leader>
<marc:controlfield tag="001">000024993</marc:controlfield>
<marc:controlfield tag="003">Uk</marc:controlfield><marc:controlfield tag="005">20100917162600.0</marc:controlfield><marc:controlfield tag="008">970305|1814|||||||    ||     ||| |||||  </marc:controlfield><marc:datafield tag="040" ind1=" " ind2=" "><marc:subfield code="a">Uk</marc:subfield><marc:subfield code="c">Uk</marc:subfield></marc:datafield><marc:datafield tag="110" ind1="2" ind2=" "><marc:subfield code="a">African Institution (AFRICA)</marc:subfield></marc:datafield><marc:datafield tag="245" ind1="1" ind2="0"><marc:subfield code="a">Reasons for establishing a registry of slaves in the British colonies. [By James Stephen.]</marc:subfield></marc:datafield><marc:datafield tag="260" ind1=" " ind2=" "><marc:subfield code="a">London,</marc:subfield><marc:subfield code="c">1814.</marc:subfield></marc:datafield><marc:datafield tag="300" ind1=" " ind2=" "><marc:subfield code="c">8º.</marc:subfield></marc:datafield><marc:datafield tag="700" ind1="1" ind2=" "><marc:subfield code="a">STEPHEN, James,</marc:subfield><marc:subfield code="c">Master in Chancery.</marc:subfield></marc:datafield><marc:datafield tag="710" ind1="2" ind2=" "><marc:subfield code="a">Colonies, Dominions and Dependencies (ENGLAND)</marc:subfield></marc:datafield><marc:datafield tag="852" ind1="4" ind2="1"><marc:subfield code="a">British Library</marc:subfield><marc:subfield code="b">HMNTS</marc:subfield><marc:subfield code="j">C.T.77.(3.)</marc:subfield></marc:datafield><marc:datafield tag="852" ind1="4" ind2="1"><marc:subfield code="a">British Library</marc:subfield><marc:subfield code="b">HMNTS</marc:subfield><marc:subfield code="j">P.P.3557.w.[vol.7.]</marc:subfield><marc:subfield code="3">[Another copy.] In: The Pamphleteer, etc. vol. 7. pp. 34-85. 1816. 8º.***With a titlepage bearing the imprint: London, 1814.</marc:subfield></marc:datafield><marc:datafield tag="886" ind1="2" ind2=" "><marc:subfield code="2">blmarc</marc:subfield><marc:subfield code="a">709</marc:subfield><marc:subfield code="b">00</marc:subfield><marc:subfield code="a">ENGLAND</marc:subfield><marc:subfield code="d">Colonies, Dominions and Dependencies</marc:subfield><marc:subfield code="p">C.T.77.(3.)</marc:subfield><marc:subfield code="x">1003190111</marc:subfield><marc:subfield code="p">P.P.3557.w.</marc:subfield><marc:subfield code="x">100319012X</marc:subfield></marc:datafield><marc:datafield tag="886" ind1="2" ind2=" "><marc:subfield code="2">blmarc</marc:subfield><marc:subfield code="a">709</marc:subfield><marc:subfield code="b">00</marc:subfield><marc:subfield code="a">STEPHEN</marc:subfield><marc:subfield code="h">James</marc:subfield><marc:subfield code="f">Master in Chancery</marc:subfield><marc:subfield code="p">C.T.77.(3.)</marc:subfield><marc:subfield code="x">3130040048</marc:subfield></marc:datafield></marc:record>