
<marc:record><marc:leader>00656cas a22001693  4500</marc:leader>
<marc:controlfield tag="001">000025083</marc:controlfield>
<marc:controlfield tag="003">Uk</marc:controlfield><marc:controlfield tag="005">20101223154200.0</marc:controlfield><marc:controlfield tag="008">871006u1885||||||||||p|||    |   ||eng  </marc:controlfield><marc:datafield tag="040" ind1=" " ind2=" "><marc:subfield code="a">Uk</marc:subfield><marc:subfield code="c">Uk</marc:subfield></marc:datafield><marc:datafield tag="110" ind1="2" ind2=" "><marc:subfield code="a">Universities' Mission to Central Africa.</marc:subfield></marc:datafield><marc:datafield tag="245" ind1="1" ind2="4"><marc:subfield code="a">The Children's Paper [of the Universities' Mission to Central Africa]. no. 1. July 1885.</marc:subfield></marc:datafield><marc:datafield tag="260" ind1=" " ind2=" "><marc:subfield code="a">[London,</marc:subfield><marc:subfield code="c">1885]</marc:subfield></marc:datafield><marc:datafield tag="300" ind1=" " ind2=" "><marc:subfield code="c">4º.</marc:subfield></marc:datafield><marc:datafield tag="787" ind1="0" ind2=" "><marc:subfield code="t">The Children's Tidings. no. 2-33. Oct. 1885-July 1892.</marc:subfield><marc:subfield code="d">[London, 1885-92.] 4º.</marc:subfield><marc:subfield code="w">(Uk)MP1.0000027909.1</marc:subfield></marc:datafield><marc:datafield tag="787" ind1="0" ind2=" "><marc:subfield code="t">African Tidings. no. 34, etc. Aug. 1892, etc.</marc:subfield><marc:subfield code="d">[London, 1892- .]</marc:subfield><marc:subfield code="w">(Uk)MP1.0000027909.2</marc:subfield></marc:datafield><marc:datafield tag="852" ind1="4" ind2="1"><marc:subfield code="a">British Library</marc:subfield><marc:subfield code="b">HMNTS</marc:subfield><marc:subfield code="j">P.P.913.bd.</marc:subfield></marc:datafield></marc:record>