
<marc:record><marc:leader>00538 as a22001573  4500</marc:leader>
<marc:controlfield tag="001">000025085</marc:controlfield>
<marc:controlfield tag="003">Uk</marc:controlfield><marc:controlfield tag="005">20100111131300.0</marc:controlfield><marc:controlfield tag="008">871006u1892||||||||||p|||    |   |||||  </marc:controlfield><marc:datafield tag="040" ind1=" " ind2=" "><marc:subfield code="a">Uk</marc:subfield><marc:subfield code="c">Uk</marc:subfield></marc:datafield><marc:datafield tag="110" ind1="2" ind2=" "><marc:subfield code="a">Universities' Mission to Central Africa.</marc:subfield></marc:datafield><marc:datafield tag="245" ind1="1" ind2="0"><marc:subfield code="a">African Tidings. no. 34, etc. Aug. 1892, etc.</marc:subfield></marc:datafield><marc:datafield tag="260" ind1=" " ind2=" "><marc:subfield code="a">[London, 1892- .]</marc:subfield></marc:datafield><marc:datafield tag="300" ind1=" " ind2=" "><marc:subfield code="a">.</marc:subfield></marc:datafield><marc:datafield tag="787" ind1="0" ind2=" "><marc:subfield code="t">The Children's Paper [of the Universities' Mission to Central Africa]. no. 1. July 1885.</marc:subfield><marc:subfield code="d">[London, 1885.] 4º.</marc:subfield><marc:subfield code="w">(Uk)MP1.0000027909</marc:subfield></marc:datafield><marc:datafield tag="852" ind1="4" ind2="1"><marc:subfield code="a">British Library</marc:subfield><marc:subfield code="b">HMNTS</marc:subfield><marc:subfield code="j">P.P.913.bd.</marc:subfield></marc:datafield></marc:record>