
<marc:record><marc:leader>00887cam a22001813  4500</marc:leader>
<marc:controlfield tag="001">000025139</marc:controlfield>
<marc:controlfield tag="003">Uk</marc:controlfield><marc:controlfield tag="005">20110311165900.0</marc:controlfield><marc:controlfield tag="008">871006|1864|||||||    ||    |||| |||||  </marc:controlfield><marc:datafield tag="040" ind1=" " ind2=" "><marc:subfield code="a">Uk</marc:subfield><marc:subfield code="c">Uk</marc:subfield></marc:datafield><marc:datafield tag="245" ind1="1" ind2="0"><marc:subfield code="a">Die Deutsche Expédition in Ost-Afrika, 1861 und 1862. Zusammenstellung der astronomischen, hypsometrischen und meteorologischen Beobachtungen ... von v. Heuglin, Kinzelbach, Munzinger und Steudner ... Nebst einem allgemeinen Bericht von Werner Munzinger über den Verlauf ... der deutschen Expedition von Massua bis Kordofan ... Mit vier Originalkarten, etc.</marc:subfield></marc:datafield><marc:datafield tag="260" ind1=" " ind2=" "><marc:subfield code="a">Gotha,</marc:subfield><marc:subfield code="c">1864.</marc:subfield></marc:datafield><marc:datafield tag="300" ind1=" " ind2=" "><marc:subfield code="a">46 p. ;</marc:subfield><marc:subfield code="c">4º.</marc:subfield></marc:datafield><marc:datafield tag="490" ind1="0" ind2=" "><marc:subfield code="a">[Petermann's Geographische Mittheilungen. Ergänzungshft. no. 13.]</marc:subfield></marc:datafield><marc:datafield tag="700" ind1="1" ind2=" "><marc:subfield code="a">KINZELBACH, Th.</marc:subfield></marc:datafield><marc:datafield tag="720" ind1=" " ind2=" "><marc:subfield code="a">AFRICA, East</marc:subfield><marc:subfield code="e">main entry</marc:subfield></marc:datafield><marc:datafield tag="852" ind1="4" ind2="1"><marc:subfield code="a">British Library</marc:subfield><marc:subfield code="b">HMNTS</marc:subfield><marc:subfield code="j">P.P.3946/2.</marc:subfield></marc:datafield><marc:datafield tag="886" ind1="2" ind2=" "><marc:subfield code="2">blmarc</marc:subfield><marc:subfield code="a">709</marc:subfield><marc:subfield code="b">00</marc:subfield><marc:subfield code="a">KINZELBACH</marc:subfield><marc:subfield code="h">Th.</marc:subfield><marc:subfield code="p">P.P.3946.</marc:subfield><marc:subfield code="x">1750180154</marc:subfield></marc:datafield></marc:record>