
<marc:record><marc:leader>00461 am a22001453  4500</marc:leader>
<marc:controlfield tag="001">000025179</marc:controlfield>
<marc:controlfield tag="003">Uk</marc:controlfield><marc:controlfield tag="005">20091125222500.0</marc:controlfield><marc:controlfield tag="008">871006|1896|||||||    ||     ||| |||||  </marc:controlfield><marc:datafield tag="040" ind1=" " ind2=" "><marc:subfield code="a">Uk</marc:subfield><marc:subfield code="c">Uk</marc:subfield></marc:datafield><marc:datafield tag="110" ind1="2" ind2=" "><marc:subfield code="a">Afrikaander Bond en Boerenvereeniging (AFRICA, South)</marc:subfield></marc:datafield><marc:datafield tag="245" ind1="1" ind2="0"><marc:subfield code="a">Notulen van de Provinciale Vergadering van den Afrikaner Bond, gehouden te Burgersdorp, etc.</marc:subfield></marc:datafield><marc:datafield tag="260" ind1=" " ind2=" "><marc:subfield code="a">Paarl,</marc:subfield><marc:subfield code="c">1896.</marc:subfield></marc:datafield><marc:datafield tag="300" ind1=" " ind2=" "><marc:subfield code="a">39 p. ;</marc:subfield><marc:subfield code="c">4º.</marc:subfield></marc:datafield><marc:datafield tag="852" ind1="4" ind2="1"><marc:subfield code="a">British Library</marc:subfield><marc:subfield code="b">HMNTS</marc:subfield><marc:subfield code="j">8156.d.2.(1.)</marc:subfield></marc:datafield></marc:record>