
<marc:record><marc:leader>00640cas a22001573  4500</marc:leader>
<marc:controlfield tag="001">000025181</marc:controlfield>
<marc:controlfield tag="003">Uk</marc:controlfield><marc:controlfield tag="005">20130130181900.0</marc:controlfield><marc:controlfield tag="008">871006u1884||||||||||p|||    |   |||||  </marc:controlfield><marc:datafield tag="040" ind1=" " ind2=" "><marc:subfield code="a">Uk</marc:subfield><marc:subfield code="c">Uk</marc:subfield></marc:datafield><marc:datafield tag="110" ind1="2" ind2=" "><marc:subfield code="a">Afrikaanse Skrywerskring (AFRICA, South)</marc:subfield></marc:datafield><marc:datafield tag="245" ind1="1" ind2="0"><marc:subfield code="a">Di Afrikaanse Patriot. Erkende Orgaan van di Afrikaner Bond, etc. dl. 9. no. 393, 394, 397, 398, 400, 404, 409, 410, 412, 413, 415-417. dl. 22. no. 1044-dl. 23. no. 1126. 13 Juni-28 Nov. 1884, 17 Oct. 1897-11 Mei 1899.</marc:subfield></marc:datafield><marc:datafield tag="260" ind1=" " ind2=" "><marc:subfield code="a">Paarl,</marc:subfield><marc:subfield code="c">1884, 97-99.</marc:subfield></marc:datafield><marc:datafield tag="300" ind1=" " ind2=" "><marc:subfield code="c">fol.</marc:subfield></marc:datafield><marc:datafield tag="500" ind1=" " ind2=" "><marc:subfield code="a">Imperfect; wanting also several numbers for 1897-99.</marc:subfield></marc:datafield><marc:datafield tag="852" ind1="4" ind2="1"><marc:subfield code="a">British Library</marc:subfield><marc:subfield code="b">HMNTS</marc:subfield><marc:subfield code="j">P.P.9999.ip.</marc:subfield></marc:datafield></marc:record>