
<marc:record><marc:leader>00593cas a22001573  4500</marc:leader>
<marc:controlfield tag="001">000025389</marc:controlfield>
<marc:controlfield tag="003">Uk</marc:controlfield><marc:controlfield tag="005">20130130181900.0</marc:controlfield><marc:controlfield tag="008">950213u1889||||||||||p|||    |   |||||  </marc:controlfield><marc:datafield tag="040" ind1=" " ind2=" "><marc:subfield code="a">Uk</marc:subfield><marc:subfield code="c">Uk</marc:subfield></marc:datafield><marc:datafield tag="110" ind1="2" ind2=" "><marc:subfield code="a">Gereformeerde Kerk van Suid-Afrika (AFRICA, South)</marc:subfield></marc:datafield><marc:datafield tag="245" ind1="1" ind2="0"><marc:subfield code="a">Almanak voor (vir) de Gereformeerde Kerk in Zuid-Afrika (van die Gereformeerde gemeentes in Suid-Afrika), voor het jaar 1890 [etc.]. Twintigste [etc.] Jaargang.</marc:subfield></marc:datafield><marc:datafield tag="260" ind1=" " ind2=" "><marc:subfield code="a">Paarl ;</marc:subfield><marc:subfield code="a">Pretoria,</marc:subfield><marc:subfield code="c">1889-</marc:subfield></marc:datafield><marc:datafield tag="300" ind1=" " ind2=" "><marc:subfield code="c">8º.</marc:subfield></marc:datafield><marc:datafield tag="500" ind1=" " ind2=" "><marc:subfield code="a">Wanting the volumes for 1893, 1897 and 1900-1933.</marc:subfield></marc:datafield><marc:datafield tag="852" ind1="4" ind2="1"><marc:subfield code="a">British Library</marc:subfield><marc:subfield code="b">HMNTS</marc:subfield><marc:subfield code="j">P.P.2579.u.</marc:subfield></marc:datafield></marc:record>