
<marc:record><marc:leader>00708cam a22001693  4500</marc:leader>
<marc:controlfield tag="001">000025630</marc:controlfield>
<marc:controlfield tag="003">Uk</marc:controlfield><marc:controlfield tag="005">20130328172200.0</marc:controlfield><marc:controlfield tag="008">871006|1857|||||||    ||     ||| |||||  </marc:controlfield><marc:datafield tag="040" ind1=" " ind2=" "><marc:subfield code="a">Uk</marc:subfield><marc:subfield code="c">Uk</marc:subfield></marc:datafield><marc:datafield tag="110" ind1="2" ind2=" "><marc:subfield code="a">Nederduits Gereformeerde Kerk (AFRICA, South)</marc:subfield></marc:datafield><marc:datafield tag="245" ind1="1" ind2="0"><marc:subfield code="a">De Handelingen der zeven eerste Vergaderingen van de Algemeene Synode der Nederduitsch Gereformeerde Kerk van Zuid-Afrika. (Handelingen der achtste Vergadering, etc.-Handelingen der negende Vergadering, etc.) [Edited by S. Hofmeyr.]</marc:subfield></marc:datafield><marc:datafield tag="260" ind1=" " ind2=" "><marc:subfield code="a">Kaapstad,</marc:subfield><marc:subfield code="c">1857, 53-58.</marc:subfield></marc:datafield><marc:datafield tag="300" ind1=" " ind2=" "><marc:subfield code="a">3 pt. ;</marc:subfield><marc:subfield code="c">4º.</marc:subfield></marc:datafield><marc:datafield tag="700" ind1="1" ind2=" "><marc:subfield code="a">HOFMEYR, S.,</marc:subfield><marc:subfield code="c">Dr.</marc:subfield></marc:datafield><marc:datafield tag="852" ind1="4" ind2="1"><marc:subfield code="a">British Library</marc:subfield><marc:subfield code="b">HMNTS</marc:subfield><marc:subfield code="j">4685.h.35.</marc:subfield></marc:datafield><marc:datafield tag="886" ind1="2" ind2=" "><marc:subfield code="2">blmarc</marc:subfield><marc:subfield code="a">709</marc:subfield><marc:subfield code="b">00</marc:subfield><marc:subfield code="a">HOFMEYR</marc:subfield><marc:subfield code="h">S.</marc:subfield><marc:subfield code="f">Dr.</marc:subfield><marc:subfield code="p">4685.h.35.</marc:subfield><marc:subfield code="x">1502100088</marc:subfield></marc:datafield></marc:record>