
<marc:record><marc:leader>00779cam a22001573  4500</marc:leader>
<marc:controlfield tag="001">000025738</marc:controlfield>
<marc:controlfield tag="003">Uk</marc:controlfield><marc:controlfield tag="005">20110311165900.0</marc:controlfield><marc:controlfield tag="008">871006|1823|||||||    ||     ||| |||||  </marc:controlfield><marc:datafield tag="040" ind1=" " ind2=" "><marc:subfield code="a">Uk</marc:subfield><marc:subfield code="c">Uk</marc:subfield></marc:datafield><marc:datafield tag="110" ind1="2" ind2=" "><marc:subfield code="a">Society for the Relief of the Distressed Settlers in South Africa (AFRICA, South)</marc:subfield></marc:datafield><marc:datafield tag="245" ind1="1" ind2="0"><marc:subfield code="a">Report of the Committee of the Society ... With the resolutions passed and speeches delivered at a general meeting; held at Cape Town, 17th Sept. 1823, etc.</marc:subfield></marc:datafield><marc:datafield tag="260" ind1=" " ind2=" "><marc:subfield code="a">Cape Town,</marc:subfield><marc:subfield code="c">1823.</marc:subfield></marc:datafield><marc:datafield tag="300" ind1=" " ind2=" "><marc:subfield code="a">31 p. ;</marc:subfield><marc:subfield code="c">8º.</marc:subfield></marc:datafield><marc:datafield tag="775" ind1="0" ind2=" "><marc:subfield code="t">[Report of the Committee of the Society ... With the resolutions passed and speeches delivered at a general meeting; held at Cape Town, 17th Sept. 1823, etc.]</marc:subfield><marc:subfield code="d">pp. 21. London, 1824. 8º.</marc:subfield><marc:subfield code="w">(Uk)MP1.0000028588.1</marc:subfield></marc:datafield><marc:datafield tag="852" ind1="4" ind2="1"><marc:subfield code="a">British Library</marc:subfield><marc:subfield code="b">HMNTS</marc:subfield><marc:subfield code="j">8154.e.27.</marc:subfield></marc:datafield></marc:record>