
<marc:record><marc:leader>00857cam a22001813  4500</marc:leader>
<marc:controlfield tag="001">000025739</marc:controlfield>
<marc:controlfield tag="003">Uk</marc:controlfield><marc:controlfield tag="005">20110311165900.0</marc:controlfield><marc:controlfield tag="008">871006|1824|||||||    ||     ||| |||||  </marc:controlfield><marc:datafield tag="040" ind1=" " ind2=" "><marc:subfield code="a">Uk</marc:subfield><marc:subfield code="c">Uk</marc:subfield></marc:datafield><marc:datafield tag="110" ind1="2" ind2=" "><marc:subfield code="a">Society for the Relief of the Distressed Settlers in South Africa (AFRICA, South)</marc:subfield></marc:datafield><marc:datafield tag="245" ind1="1" ind2="0"><marc:subfield code="a">[Report of the Committee of the Society ... With the resolutions passed and speeches delivered at a general meeting; held at Cape Town, 17th Sept. 1823, etc.]</marc:subfield></marc:datafield><marc:datafield tag="250" ind1=" " ind2=" "><marc:subfield code="a">[Another edition.]</marc:subfield></marc:datafield><marc:datafield tag="260" ind1=" " ind2=" "><marc:subfield code="a">London,</marc:subfield><marc:subfield code="c">1824.</marc:subfield></marc:datafield><marc:datafield tag="300" ind1=" " ind2=" "><marc:subfield code="a">21 p. ;</marc:subfield><marc:subfield code="c">8º.</marc:subfield></marc:datafield><marc:datafield tag="490" ind1="0" ind2=" "><marc:subfield code="a">[The Pamphleteer. vol. 23.]</marc:subfield></marc:datafield><marc:datafield tag="787" ind1="0" ind2=" "><marc:subfield code="t">Report of the Committee of the Society ... With the resolutions passed and speeches delivered at a general meeting; held at Cape Town, 17th Sept. 1823, etc.</marc:subfield><marc:subfield code="d">pp. 31. Cape Town, 1823. 8º.</marc:subfield><marc:subfield code="w">(Uk)MP1.0000028588</marc:subfield></marc:datafield><marc:datafield tag="852" ind1="4" ind2="1"><marc:subfield code="a">British Library</marc:subfield><marc:subfield code="b">HMNTS</marc:subfield><marc:subfield code="j">P.P.3557.w.</marc:subfield></marc:datafield></marc:record>