
<marc:record><marc:leader>00710cas a22001813  4500</marc:leader>
<marc:controlfield tag="001">000026045</marc:controlfield>
<marc:controlfield tag="003">Uk</marc:controlfield><marc:controlfield tag="005">20120830171500.0</marc:controlfield><marc:controlfield tag="008">871006u1898||||||||||p|||    |   ||eng  </marc:controlfield><marc:datafield tag="040" ind1=" " ind2=" "><marc:subfield code="a">Uk</marc:subfield><marc:subfield code="c">Uk</marc:subfield></marc:datafield><marc:datafield tag="110" ind1="2" ind2=" "><marc:subfield code="a">South African Teachers' Association (AFRICA, South)</marc:subfield></marc:datafield><marc:datafield tag="245" ind1="1" ind2="4"><marc:subfield code="a">The Cape of Good Hope Teachers' Annual 1898-9 (1900, 1903, 1904) ... Compiled and edited by G. Gilchrist.</marc:subfield></marc:datafield><marc:datafield tag="260" ind1=" " ind2=" "><marc:subfield code="a">Cape Town ;</marc:subfield><marc:subfield code="a">Lancaster,</marc:subfield><marc:subfield code="c">1898-1904.</marc:subfield></marc:datafield><marc:datafield tag="300" ind1=" " ind2=" "><marc:subfield code="a">4 vol. ;</marc:subfield><marc:subfield code="c">8º.</marc:subfield></marc:datafield><marc:datafield tag="500" ind1=" " ind2=" "><marc:subfield code="a">Subsequently incorporated with the “South African Education Yearbook.”.</marc:subfield></marc:datafield><marc:datafield tag="700" ind1="1" ind2=" "><marc:subfield code="a">GILCHRIST, George,</marc:subfield><marc:subfield code="c">B.A.</marc:subfield></marc:datafield><marc:datafield tag="852" ind1="4" ind2="1"><marc:subfield code="a">British Library</marc:subfield><marc:subfield code="b">HMNTS</marc:subfield><marc:subfield code="j">P.P.2579.ch.</marc:subfield></marc:datafield><marc:datafield tag="886" ind1="2" ind2=" "><marc:subfield code="2">blmarc</marc:subfield><marc:subfield code="a">709</marc:subfield><marc:subfield code="b">00</marc:subfield><marc:subfield code="a">GILCHRIST</marc:subfield><marc:subfield code="h">George</marc:subfield><marc:subfield code="f">B.A.</marc:subfield><marc:subfield code="p">P.P.2579.ch.</marc:subfield><marc:subfield code="x">1250020204</marc:subfield></marc:datafield></marc:record>