
<marc:record><marc:leader>00534cam a22001573  4500</marc:leader>
<marc:controlfield tag="001">000026170</marc:controlfield>
<marc:controlfield tag="003">Uk</marc:controlfield><marc:controlfield tag="005">20091110135519.0</marc:controlfield><marc:controlfield tag="008">871006|1891|||||||    ||     ||| |||||  </marc:controlfield><marc:datafield tag="040" ind1=" " ind2=" "><marc:subfield code="a">Uk</marc:subfield><marc:subfield code="c">Uk</marc:subfield></marc:datafield><marc:datafield tag="110" ind1="2" ind2=" "><marc:subfield code="a">Wesleyan Methodist Church of South Africa.</marc:subfield></marc:datafield><marc:datafield tag="245" ind1="1" ind2="0"><marc:subfield code="a">Minutes of the ninth (-thirty-fifth) Conference of the Wesleyan Methodist Church of South Africa, etc.</marc:subfield></marc:datafield><marc:datafield tag="260" ind1=" " ind2=" "><marc:subfield code="a">Cape Town,</marc:subfield><marc:subfield code="c">1891-1917.</marc:subfield></marc:datafield><marc:datafield tag="300" ind1=" " ind2=" "><marc:subfield code="c">8º.</marc:subfield></marc:datafield><marc:datafield tag="500" ind1=" " ind2=" "><marc:subfield code="a">Imperfect; wanting the Minutes for 1895, 1901-08, and 1916.</marc:subfield></marc:datafield><marc:datafield tag="852" ind1="4" ind2="1"><marc:subfield code="a">British Library</marc:subfield><marc:subfield code="b">HMNTS</marc:subfield><marc:subfield code="j">04192.b.27.</marc:subfield></marc:datafield></marc:record>