
<marc:record><marc:leader>00715cam a22001693  4500</marc:leader>
<marc:controlfield tag="001">000026171</marc:controlfield>
<marc:controlfield tag="003">Uk</marc:controlfield><marc:controlfield tag="005">20091110135536.0</marc:controlfield><marc:controlfield tag="008">871006|1893|||||||    ||     ||| |||||  </marc:controlfield><marc:datafield tag="040" ind1=" " ind2=" "><marc:subfield code="a">Uk</marc:subfield><marc:subfield code="c">Uk</marc:subfield></marc:datafield><marc:datafield tag="110" ind1="2" ind2=" "><marc:subfield code="a">Wesleyan Methodist Church of South Africa.</marc:subfield></marc:datafield><marc:datafield tag="245" ind1="1" ind2="0"><marc:subfield code="a">Eleventh Report of the South African Missionary Society. With lists of missionary contributions for the year ending 31st December, 1892.</marc:subfield></marc:datafield><marc:datafield tag="260" ind1=" " ind2=" "><marc:subfield code="a">Cape Town,</marc:subfield><marc:subfield code="c">1893.</marc:subfield></marc:datafield><marc:datafield tag="300" ind1=" " ind2=" "><marc:subfield code="a">138 p. ;</marc:subfield><marc:subfield code="c">8º.</marc:subfield></marc:datafield><marc:datafield tag="710" ind1="2" ind2=" "><marc:subfield code="a">South African Missionary Society (AFRICA, South)</marc:subfield></marc:datafield><marc:datafield tag="852" ind1="4" ind2="1"><marc:subfield code="a">British Library</marc:subfield><marc:subfield code="b">HMNTS</marc:subfield><marc:subfield code="j">4767.ccc.38.</marc:subfield></marc:datafield><marc:datafield tag="886" ind1="2" ind2=" "><marc:subfield code="2">blmarc</marc:subfield><marc:subfield code="a">709</marc:subfield><marc:subfield code="b">00</marc:subfield><marc:subfield code="a">AFRICA, South</marc:subfield><marc:subfield code="d">Miscellaneous Institutions, Societies, etc.</marc:subfield><marc:subfield code="d">South African Missionary Society</marc:subfield><marc:subfield code="p">4767.ccc.38.</marc:subfield><marc:subfield code="x">0031260160</marc:subfield></marc:datafield></marc:record>