
<marc:record><marc:leader>00545cam a22001453  4500</marc:leader>
<marc:controlfield tag="001">000027849</marc:controlfield>
<marc:controlfield tag="003">Uk</marc:controlfield><marc:controlfield tag="005">20120203162700.0</marc:controlfield><marc:controlfield tag="008">930127|1870|||||||    ||     ||| ||eng  </marc:controlfield><marc:datafield tag="040" ind1=" " ind2=" "><marc:subfield code="a">Uk</marc:subfield><marc:subfield code="c">Uk</marc:subfield></marc:datafield><marc:datafield tag="110" ind1="2" ind2=" "><marc:subfield code="a">Church of the Province of South Africa (AFRICA, South, Province of).</marc:subfield><marc:subfield code="b">Synod.</marc:subfield></marc:datafield><marc:datafield tag="245" ind1="1" ind2="4"><marc:subfield code="a">The Constitutions and Canons of the Church of the Province of South Africa, and other acts of the Provincial Synod ... 1870.</marc:subfield></marc:datafield><marc:datafield tag="260" ind1=" " ind2=" "><marc:subfield code="a">Cape Town :</marc:subfield><marc:subfield code="b">William Foster,</marc:subfield><marc:subfield code="c">1870.</marc:subfield></marc:datafield><marc:datafield tag="300" ind1=" " ind2=" "><marc:subfield code="a">iv, 49 p. ;</marc:subfield><marc:subfield code="c">8º.</marc:subfield></marc:datafield><marc:datafield tag="852" ind1="4" ind2="1"><marc:subfield code="a">British Library</marc:subfield><marc:subfield code="b">HMNTS</marc:subfield><marc:subfield code="j">4745.eee.16.(2.)</marc:subfield></marc:datafield></marc:record>