
<marc:record><marc:leader>00670cam a22001693  4500</marc:leader>
<marc:controlfield tag="001">000027877</marc:controlfield>
<marc:controlfield tag="003">Uk</marc:controlfield><marc:controlfield tag="005">20051216100715.0</marc:controlfield><marc:controlfield tag="008">871006|1863||||enk    ||    |||| |||||  </marc:controlfield><marc:datafield tag="040" ind1=" " ind2=" "><marc:subfield code="a">Uk</marc:subfield><marc:subfield code="c">Uk</marc:subfield></marc:datafield><marc:datafield tag="245" ind1="1" ind2="0"><marc:subfield code="a">Wanderings in West Africa from Liverpool to Fernando Po. By a F.R.G.S. [i.e. Sir Richard F. Burton.] With map and illustration.</marc:subfield></marc:datafield><marc:datafield tag="260" ind1=" " ind2=" "><marc:subfield code="a">London :</marc:subfield><marc:subfield code="b">Tinsley Bros.,</marc:subfield><marc:subfield code="c">1863.</marc:subfield></marc:datafield><marc:datafield tag="300" ind1=" " ind2=" "><marc:subfield code="a">2 vol. ;</marc:subfield><marc:subfield code="c">8º.</marc:subfield></marc:datafield><marc:datafield tag="700" ind1="1" ind2=" "><marc:subfield code="a">Burton, Richard Francis,</marc:subfield><marc:subfield code="c">Sir,</marc:subfield><marc:subfield code="d">1821-1890</marc:subfield><marc:subfield code="t">Single Works.</marc:subfield></marc:datafield><marc:datafield tag="720" ind1=" " ind2=" "><marc:subfield code="a">AFRICA, WEST</marc:subfield><marc:subfield code="e">main entry</marc:subfield></marc:datafield><marc:datafield tag="852" ind1="4" ind2="1"><marc:subfield code="a">British Library</marc:subfield><marc:subfield code="b">HMNTS</marc:subfield><marc:subfield code="j">10096.bb.36.</marc:subfield></marc:datafield><marc:datafield tag="886" ind1="2" ind2=" "><marc:subfield code="2">blmarc</marc:subfield><marc:subfield code="a">709</marc:subfield><marc:subfield code="b">00</marc:subfield><marc:subfield code="a">BURTON</marc:subfield><marc:subfield code="e">Sir</marc:subfield><marc:subfield code="h">Richard Francis</marc:subfield><marc:subfield code="f">K.C.M.G.</marc:subfield><marc:subfield code="t">Single Works</marc:subfield><marc:subfield code="p">10096.bb.36.</marc:subfield><marc:subfield code="x">0490270158</marc:subfield></marc:datafield></marc:record>