
<marc:record><marc:leader>00513cam a22001453  4500</marc:leader>
<marc:controlfield tag="001">000028026</marc:controlfield>
<marc:controlfield tag="003">Uk</marc:controlfield><marc:controlfield tag="005">20110224145500.0</marc:controlfield><marc:controlfield tag="008">871006|1890|||||||    ||    |||| |||||  </marc:controlfield><marc:datafield tag="040" ind1=" " ind2=" "><marc:subfield code="a">Uk</marc:subfield><marc:subfield code="c">Uk</marc:subfield></marc:datafield><marc:datafield tag="245" ind1="1" ind2="0"><marc:subfield code="a">Passiones tres martyrum Africanorum, SS. Maximae, Donatillae et Secundae, S. Typasii Veterani et S. Fabii Vexilliferi. Excerptum ex Analectis Bollandianis, tom. ix.</marc:subfield></marc:datafield><marc:datafield tag="260" ind1=" " ind2=" "><marc:subfield code="a">Bruxellis,</marc:subfield><marc:subfield code="c">1890.</marc:subfield></marc:datafield><marc:datafield tag="300" ind1=" " ind2=" "><marc:subfield code="a">30 p. ;</marc:subfield><marc:subfield code="c">8º.</marc:subfield></marc:datafield><marc:datafield tag="720" ind1=" " ind2=" "><marc:subfield code="a">AFRICAN MARTYRS</marc:subfield><marc:subfield code="e">main entry</marc:subfield></marc:datafield><marc:datafield tag="852" ind1="4" ind2="1"><marc:subfield code="a">British Library</marc:subfield><marc:subfield code="b">HMNTS</marc:subfield><marc:subfield code="j">4824.de.20.(5.)</marc:subfield></marc:datafield></marc:record>