
<marc:record><marc:leader>00515cam a22001693  4500</marc:leader>
<marc:controlfield tag="001">000028118</marc:controlfield>
<marc:controlfield tag="003">Uk</marc:controlfield><marc:controlfield tag="005">20120224170000.0</marc:controlfield><marc:controlfield tag="008">871006|1846|||||||    ||     ||| |||||  </marc:controlfield><marc:datafield tag="040" ind1=" " ind2=" "><marc:subfield code="a">Uk</marc:subfield><marc:subfield code="c">Uk</marc:subfield></marc:datafield><marc:datafield tag="100" ind1="1" ind2=" "><marc:subfield code="a">Africanus, Sextus Julius.</marc:subfield></marc:datafield><marc:datafield tag="245" ind1="1" ind2="0"><marc:subfield code="a">[Reliquiæ. Gr. &amp; Lat.]</marc:subfield></marc:datafield><marc:datafield tag="250" ind1=" " ind2=" "><marc:subfield code="a">[Another edition.] Gr. &amp; Lat.</marc:subfield></marc:datafield><marc:datafield tag="260" ind1=" " ind2=" "><marc:subfield code="c">1846.</marc:subfield></marc:datafield><marc:datafield tag="580" ind1=" " ind2=" "><marc:subfield code="a">In : Routh (M. J.) Reliquiæ Sacræ, etc. vol. 2. 1846, etc. 8º.</marc:subfield></marc:datafield><marc:datafield tag="787" ind1="0" ind2=" "><marc:subfield code="t">Reliquiæ. Gr. &amp; Lat.</marc:subfield><marc:subfield code="d">1814.</marc:subfield><marc:subfield code="w">(Uk)MP1.0000031387</marc:subfield></marc:datafield><marc:datafield tag="852" ind1="4" ind2="1"><marc:subfield code="a">British Library</marc:subfield><marc:subfield code="b">HMNTS</marc:subfield><marc:subfield code="j">2204.c.6.</marc:subfield></marc:datafield></marc:record>