
<marc:record><marc:leader>00608cam a22001453  4500</marc:leader>
<marc:controlfield tag="001">000028147</marc:controlfield>
<marc:controlfield tag="003">Uk</marc:controlfield><marc:controlfield tag="005">20110224145500.0</marc:controlfield><marc:controlfield tag="008">871006|1885|||||||    ||    |||| |||||  </marc:controlfield><marc:datafield tag="040" ind1=" " ind2=" "><marc:subfield code="a">Uk</marc:subfield><marc:subfield code="c">Uk</marc:subfield></marc:datafield><marc:datafield tag="245" ind1="1" ind2="0"><marc:subfield code="a">[Berlin, 1885.] Aktenstücke betreffend die Afrikanische Konferenz. 1. General-Akte der Berliner Konferenz ... 1885. 2. Die Protokolle der Berliner Konferenz. Besonderer Abdruck aus dem vom Reichs-Amt des Inneren herausgegeben “Deutschen Handels-Archiv.”.</marc:subfield></marc:datafield><marc:datafield tag="260" ind1=" " ind2=" "><marc:subfield code="a">Berlin,</marc:subfield><marc:subfield code="c">1885.</marc:subfield></marc:datafield><marc:datafield tag="300" ind1=" " ind2=" "><marc:subfield code="a">123 p. ;</marc:subfield><marc:subfield code="c">4º.</marc:subfield></marc:datafield><marc:datafield tag="720" ind1=" " ind2=" "><marc:subfield code="a">AFRIKANISCHE KONFERENZ</marc:subfield><marc:subfield code="e">main entry</marc:subfield></marc:datafield><marc:datafield tag="852" ind1="4" ind2="1"><marc:subfield code="a">British Library</marc:subfield><marc:subfield code="b">HMNTS</marc:subfield><marc:subfield code="j">8154.g.5.</marc:subfield></marc:datafield></marc:record>