
<marc:record><marc:leader>00768cam a22001933  4500</marc:leader>
<marc:controlfield tag="001">000028212</marc:controlfield>
<marc:controlfield tag="003">Uk</marc:controlfield><marc:controlfield tag="005">20130430174800.0</marc:controlfield><marc:controlfield tag="008">871006|1869||||enk    ||    |||| |||||  </marc:controlfield><marc:datafield tag="040" ind1=" " ind2=" "><marc:subfield code="a">Uk</marc:subfield><marc:subfield code="c">Uk</marc:subfield></marc:datafield><marc:datafield tag="245" ind1="1" ind2="5"><marc:subfield code="a">[The Afterglow: songs and sonnets for my friends. [By G. S. Cautley.]]</marc:subfield></marc:datafield><marc:datafield tag="250" ind1=" " ind2=" "><marc:subfield code="a">Second edition.</marc:subfield></marc:datafield><marc:datafield tag="260" ind1=" " ind2=" "><marc:subfield code="a">London :</marc:subfield><marc:subfield code="b">Longmans &amp; Co.,</marc:subfield><marc:subfield code="c">1869.</marc:subfield></marc:datafield><marc:datafield tag="300" ind1=" " ind2=" "><marc:subfield code="a">x. 246 p. ;</marc:subfield><marc:subfield code="c">8º.</marc:subfield></marc:datafield><marc:datafield tag="700" ind1="1" ind2=" "><marc:subfield code="a">CAUTLEY, George Spencer.</marc:subfield></marc:datafield><marc:datafield tag="720" ind1=" " ind2=" "><marc:subfield code="a">AFTERGLOW</marc:subfield><marc:subfield code="e">main entry</marc:subfield></marc:datafield><marc:datafield tag="787" ind1="0" ind2=" "><marc:subfield code="t">The Afterglow: songs and sonnets for my friends. [By G. S. Cautley.]</marc:subfield><marc:subfield code="d">pp. 265. Smith, Elder &amp; Co.: London, 1867. 8º.</marc:subfield><marc:subfield code="w">(Uk)MP1.0000031573</marc:subfield></marc:datafield><marc:datafield tag="852" ind1="4" ind2="1"><marc:subfield code="a">British Library</marc:subfield><marc:subfield code="b">HMNTS</marc:subfield><marc:subfield code="j">11648.bbb.50.</marc:subfield></marc:datafield><marc:datafield tag="886" ind1="2" ind2=" "><marc:subfield code="2">blmarc</marc:subfield><marc:subfield code="a">709</marc:subfield><marc:subfield code="b">00</marc:subfield><marc:subfield code="a">CAUTLEY</marc:subfield><marc:subfield code="h">George Spencer</marc:subfield><marc:subfield code="p">11648.bbb.49.</marc:subfield><marc:subfield code="x">0564020222</marc:subfield><marc:subfield code="p">11648.bbb.50.</marc:subfield><marc:subfield code="x">0564020222</marc:subfield></marc:datafield></marc:record>