
<marc:record><marc:leader>00568cam a22001693  4500</marc:leader>
<marc:controlfield tag="001">000028233</marc:controlfield>
<marc:controlfield tag="003">Uk</marc:controlfield><marc:controlfield tag="005">20120420175300.0</marc:controlfield><marc:controlfield tag="008">871006|1804|||||||    ||     ||| |||||  </marc:controlfield><marc:datafield tag="040" ind1=" " ind2=" "><marc:subfield code="a">Uk</marc:subfield><marc:subfield code="c">Uk</marc:subfield></marc:datafield><marc:datafield tag="100" ind1="1" ind2=" "><marc:subfield code="a">Afzelius, Adam,</marc:subfield><marc:subfield code="d">1750-1837.</marc:subfield></marc:datafield><marc:datafield tag="245" ind1="1" ind2="0"><marc:subfield code="a">Achetæ Guineenses: quas ... proponunt Adamus Afzelius et Fredericus Wilhelmus Brannius.</marc:subfield></marc:datafield><marc:datafield tag="260" ind1=" " ind2=" "><marc:subfield code="a">Upsaliæ,</marc:subfield><marc:subfield code="c">[1804]</marc:subfield></marc:datafield><marc:datafield tag="300" ind1=" " ind2=" "><marc:subfield code="a">33 p. ;</marc:subfield><marc:subfield code="c">4º.</marc:subfield></marc:datafield><marc:datafield tag="700" ind1="1" ind2=" "><marc:subfield code="a">BRANNIUS, Fredericus Wilhelmus.</marc:subfield></marc:datafield><marc:datafield tag="852" ind1="4" ind2="1"><marc:subfield code="a">British Library</marc:subfield><marc:subfield code="b">HMNTS</marc:subfield><marc:subfield code="j">B.327.(8.)</marc:subfield></marc:datafield><marc:datafield tag="886" ind1="2" ind2=" "><marc:subfield code="2">blmarc</marc:subfield><marc:subfield code="a">709</marc:subfield><marc:subfield code="b">00</marc:subfield><marc:subfield code="a">BRANNIUS</marc:subfield><marc:subfield code="h">Fredericus Wilhelmus</marc:subfield><marc:subfield code="p">B.327.(8.)</marc:subfield><marc:subfield code="x">0411410121</marc:subfield></marc:datafield></marc:record>