
<marc:record><marc:leader>00984 am a22002173  4500</marc:leader>
<marc:controlfield tag="001">000028234</marc:controlfield>
<marc:controlfield tag="003">Uk</marc:controlfield><marc:controlfield tag="005">20091125222700.0</marc:controlfield><marc:controlfield tag="008">871006|1804|||||||    ||     ||| |||||  </marc:controlfield><marc:datafield tag="040" ind1=" " ind2=" "><marc:subfield code="a">Uk</marc:subfield><marc:subfield code="c">Uk</marc:subfield></marc:datafield><marc:datafield tag="100" ind1="1" ind2=" "><marc:subfield code="a">Afzelius, Adam,</marc:subfield><marc:subfield code="d">1750-1837.</marc:subfield></marc:datafield><marc:datafield tag="245" ind1="1" ind2="0"><marc:subfield code="a">Praes. De Rosis Suecanis tentamen primum (-undecimum). Resp. C. Stenhammar (J. J. Rådberg, D. E. Næzén, G. A. Drakenberg, A. A. Afzelius, E. T. Goës, J. Brisman, A. T. Hedlund, N. O. Schagerström, P. H. Odhner, L. Edwall). pt. 1-11.</marc:subfield></marc:datafield><marc:datafield tag="260" ind1=" " ind2=" "><marc:subfield code="a">pp. 8. 74. Upsaliæ, [1804-13.]</marc:subfield></marc:datafield><marc:datafield tag="300" ind1=" " ind2=" "><marc:subfield code="a">4º.</marc:subfield></marc:datafield><marc:datafield tag="500" ind1=" " ind2=" "><marc:subfield code="a">No more published.</marc:subfield></marc:datafield><marc:datafield tag="700" ind1="1" ind2=" "><marc:subfield code="a">HEDLUND, Andreas Thomas.</marc:subfield></marc:datafield><marc:datafield tag="700" ind1="1" ind2=" "><marc:subfield code="a">STENHAMMAR, Carolus,</marc:subfield><marc:subfield code="c">Botanist.</marc:subfield></marc:datafield><marc:datafield tag="852" ind1="4" ind2="1"><marc:subfield code="a">British Library</marc:subfield><marc:subfield code="b">HMNTS</marc:subfield><marc:subfield code="j">7055.g.5.</marc:subfield></marc:datafield><marc:datafield tag="852" ind1="4" ind2="1"><marc:subfield code="a">British Library</marc:subfield><marc:subfield code="b">HMNTS</marc:subfield><marc:subfield code="j">B.129.(24-29.)</marc:subfield><marc:subfield code="3">[Another copy.]***Imperfect; wanting pt. 4, 6-9.</marc:subfield></marc:datafield><marc:datafield tag="886" ind1="2" ind2=" "><marc:subfield code="2">blmarc</marc:subfield><marc:subfield code="a">709</marc:subfield><marc:subfield code="b">00</marc:subfield><marc:subfield code="a">HEDLUND</marc:subfield><marc:subfield code="h">Andreas Thomas</marc:subfield><marc:subfield code="p">7055.g.5.</marc:subfield><marc:subfield code="x">1433360152</marc:subfield></marc:datafield><marc:datafield tag="886" ind1="2" ind2=" "><marc:subfield code="2">blmarc</marc:subfield><marc:subfield code="a">709</marc:subfield><marc:subfield code="b">00</marc:subfield><marc:subfield code="a">STENHAMMAR</marc:subfield><marc:subfield code="h">Carolus</marc:subfield><marc:subfield code="f">Botanist</marc:subfield><marc:subfield code="p">7055.g.5.</marc:subfield><marc:subfield code="x">3124040309</marc:subfield></marc:datafield></marc:record>