
<marc:record><marc:leader>00707 am a22001693  4500</marc:leader>
<marc:controlfield tag="001">000028237</marc:controlfield>
<marc:controlfield tag="003">Uk</marc:controlfield><marc:controlfield tag="005">20091125222700.0</marc:controlfield><marc:controlfield tag="008">871006|1813|||||||    ||     ||| |||||  </marc:controlfield><marc:datafield tag="040" ind1=" " ind2=" "><marc:subfield code="a">Uk</marc:subfield><marc:subfield code="c">Uk</marc:subfield></marc:datafield><marc:datafield tag="100" ind1="1" ind2=" "><marc:subfield code="a">Afzelius, Adam,</marc:subfield><marc:subfield code="d">1750-1837.</marc:subfield></marc:datafield><marc:datafield tag="245" ind1="1" ind2="0"><marc:subfield code="a">Praes. Remedia Guineensia, quorum collectionem primam (-decimam) ... pro gradu medico p.p. J. U. Nyberg (J. J. Kallstenius, P. Brandelius, C. O. Bånge, O. Lindbom, D. Ekelund, J. A. Frestadius, C. Hjorth, C. A. Thelning, G. J. O̊rtenblad).</marc:subfield></marc:datafield><marc:datafield tag="260" ind1=" " ind2=" "><marc:subfield code="a">10 pt. pp. 78. Upsaliæ, [1813-17.]</marc:subfield></marc:datafield><marc:datafield tag="300" ind1=" " ind2=" "><marc:subfield code="a">4º.</marc:subfield></marc:datafield><marc:datafield tag="700" ind1="1" ind2=" "><marc:subfield code="a">BRANDELIUS, Petrus.</marc:subfield></marc:datafield><marc:datafield tag="852" ind1="4" ind2="1"><marc:subfield code="a">British Library</marc:subfield><marc:subfield code="b">HMNTS</marc:subfield><marc:subfield code="j">7510.b.10.</marc:subfield></marc:datafield><marc:datafield tag="886" ind1="2" ind2=" "><marc:subfield code="2">blmarc</marc:subfield><marc:subfield code="a">709</marc:subfield><marc:subfield code="b">00</marc:subfield><marc:subfield code="a">BRANDELIUS</marc:subfield><marc:subfield code="h">Petrus</marc:subfield><marc:subfield code="p">7510.b.10.</marc:subfield><marc:subfield code="x">0410450162</marc:subfield></marc:datafield></marc:record>