
<marc:record><marc:leader>00452cam a22001333  4500</marc:leader>
<marc:controlfield tag="001">000028246</marc:controlfield>
<marc:controlfield tag="003">Uk</marc:controlfield><marc:controlfield tag="005">20120223135000.0</marc:controlfield><marc:controlfield tag="008">871006|1815|||||||    ||     ||| |||||  </marc:controlfield><marc:datafield tag="040" ind1=" " ind2=" "><marc:subfield code="a">Uk</marc:subfield><marc:subfield code="c">Uk</marc:subfield></marc:datafield><marc:datafield tag="100" ind1="1" ind2=" "><marc:subfield code="a">Afzelius, Arvid August,</marc:subfield><marc:subfield code="d">1785-1871.</marc:subfield></marc:datafield><marc:datafield tag="245" ind1="1" ind2="0"><marc:subfield code="a">Resp.</marc:subfield></marc:datafield><marc:datafield tag="580" ind1=" " ind2=" "><marc:subfield code="a">In : Afzelius (Adam) Praes. De Rosis Suecanis, etc. (Tentamen quintum ... proponunt ... Adam Afzelius ... et Arvidus A. Afzelius.) [1815?] 4º.</marc:subfield></marc:datafield><marc:datafield tag="852" ind1="4" ind2="1"><marc:subfield code="a">British Library</marc:subfield><marc:subfield code="b">HMNTS</marc:subfield><marc:subfield code="j">7055.g.5.</marc:subfield></marc:datafield></marc:record>