
<marc:record><marc:leader>00894cam a22001933  4500</marc:leader>
<marc:controlfield tag="001">000028253</marc:controlfield>
<marc:controlfield tag="003">Uk</marc:controlfield><marc:controlfield tag="005">20120223135000.0</marc:controlfield><marc:controlfield tag="008">871006|1842|||||||    ||     ||| |||||  </marc:controlfield><marc:datafield tag="040" ind1=" " ind2=" "><marc:subfield code="a">Uk</marc:subfield><marc:subfield code="c">Uk</marc:subfield></marc:datafield><marc:datafield tag="100" ind1="1" ind2=" "><marc:subfield code="a">Afzelius, Arvid August,</marc:subfield><marc:subfield code="d">1785-1871.</marc:subfield></marc:datafield><marc:datafield tag="245" ind1="1" ind2="0"><marc:subfield code="a">Volkssagen und Volkslieder aus Schwedens älterer und neuerer Zeit ... Übersetzt von Dr. F. H. Ungewitter. Mit Vorwort von Ludwig Tieck.</marc:subfield></marc:datafield><marc:datafield tag="260" ind1=" " ind2=" "><marc:subfield code="a">2 Tl. Leipzig,</marc:subfield><marc:subfield code="c">1842.</marc:subfield></marc:datafield><marc:datafield tag="300" ind1=" " ind2=" "><marc:subfield code="c">8º.</marc:subfield></marc:datafield><marc:datafield tag="700" ind1="1" ind2=" "><marc:subfield code="a">TIECK, Johann Ludwig.</marc:subfield><marc:subfield code="t">Works edited or translated, or with prefaces or other contributions by this Author.</marc:subfield></marc:datafield><marc:datafield tag="700" ind1="1" ind2=" "><marc:subfield code="a">UNGEWITTER, Friedrich H.</marc:subfield></marc:datafield><marc:datafield tag="852" ind1="4" ind2="1"><marc:subfield code="a">British Library</marc:subfield><marc:subfield code="b">HMNTS</marc:subfield><marc:subfield code="j">1459.c.19.</marc:subfield></marc:datafield><marc:datafield tag="886" ind1="2" ind2=" "><marc:subfield code="2">blmarc</marc:subfield><marc:subfield code="a">709</marc:subfield><marc:subfield code="b">00</marc:subfield><marc:subfield code="a">TIECK</marc:subfield><marc:subfield code="h">Johann Ludwig</marc:subfield><marc:subfield code="t">Works edited or translated, or with prefaces or other contributions by this Author</marc:subfield><marc:subfield code="p">1459.c.19.</marc:subfield><marc:subfield code="x">3260850333</marc:subfield></marc:datafield><marc:datafield tag="886" ind1="2" ind2=" "><marc:subfield code="2">blmarc</marc:subfield><marc:subfield code="a">709</marc:subfield><marc:subfield code="b">00</marc:subfield><marc:subfield code="a">UNGEWITTER</marc:subfield><marc:subfield code="h">Friedrich H.</marc:subfield><marc:subfield code="p">1459.c.19.</marc:subfield><marc:subfield code="x">3323140249</marc:subfield></marc:datafield></marc:record>