
<marc:record><marc:leader>00714cam a22001693  4500</marc:leader>
<marc:controlfield tag="001">000028258</marc:controlfield>
<marc:controlfield tag="003">Uk</marc:controlfield><marc:controlfield tag="005">20120224170000.0</marc:controlfield><marc:controlfield tag="008">980729|1800|||||||    ||     ||| |||||  </marc:controlfield><marc:datafield tag="040" ind1=" " ind2=" "><marc:subfield code="a">Uk</marc:subfield><marc:subfield code="c">Uk</marc:subfield></marc:datafield><marc:datafield tag="100" ind1="1" ind2=" "><marc:subfield code="a">AFZELIUS, Carolus Johannes.</marc:subfield></marc:datafield><marc:datafield tag="245" ind1="1" ind2="0"><marc:subfield code="a">[Resp. Arctotis, quam dissertatione botanica delineatam ... submittit C. J. Afzelius. Praes. C. P. Thurberg.]</marc:subfield></marc:datafield><marc:datafield tag="250" ind1=" " ind2=" "><marc:subfield code="a">[Another edition.]</marc:subfield></marc:datafield><marc:datafield tag="260" ind1=" " ind2=" "><marc:subfield code="c">1800.</marc:subfield></marc:datafield><marc:datafield tag="580" ind1=" " ind2=" "><marc:subfield code="a">In: Thunberg (C. P.) Dissertationes academicae, etc. vol. 2. 1799, etc. 8º.</marc:subfield></marc:datafield><marc:datafield tag="787" ind1="0" ind2=" "><marc:subfield code="t">Resp. Arctotis, quam dissertatione botanica delineatam ... submittit C. J. Afzelius. Praes. C. P. Thurberg.</marc:subfield><marc:subfield code="d">pp. 19. Upsaliæ, [1799.] 4º.</marc:subfield><marc:subfield code="w">(Uk)MP1.0000031628</marc:subfield></marc:datafield><marc:datafield tag="852" ind1="4" ind2="1"><marc:subfield code="a">British Library</marc:subfield><marc:subfield code="b">HMNTS</marc:subfield><marc:subfield code="j">957.b.12.</marc:subfield></marc:datafield></marc:record>