
<marc:record><marc:leader>00577 am a22001693  4500</marc:leader>
<marc:controlfield tag="001">000028261</marc:controlfield>
<marc:controlfield tag="003">Uk</marc:controlfield><marc:controlfield tag="005">20091125222700.0</marc:controlfield><marc:controlfield tag="008">871006|1841|||||||    ||     ||| |||||  </marc:controlfield><marc:datafield tag="040" ind1=" " ind2=" "><marc:subfield code="a">Uk</marc:subfield><marc:subfield code="c">Uk</marc:subfield></marc:datafield><marc:datafield tag="100" ind1="1" ind2=" "><marc:subfield code="a">AFZELIUS, Fredrik Georg.</marc:subfield></marc:datafield><marc:datafield tag="245" ind1="1" ind2="0"><marc:subfield code="a">Aristotelis de imputatione actionum doctrina, etc.</marc:subfield></marc:datafield><marc:datafield tag="260" ind1=" " ind2=" "><marc:subfield code="a">Upsaliae,</marc:subfield><marc:subfield code="c">1841.</marc:subfield></marc:datafield><marc:datafield tag="300" ind1=" " ind2=" "><marc:subfield code="a">xxxvi, 103 p. ;</marc:subfield><marc:subfield code="c">8º.</marc:subfield></marc:datafield><marc:datafield tag="700" ind1="0" ind2=" "><marc:subfield code="a">Aristotle</marc:subfield><marc:subfield code="t">Single Works. Ethica Nicomachea. Appendix</marc:subfield></marc:datafield><marc:datafield tag="852" ind1="4" ind2="1"><marc:subfield code="a">British Library</marc:subfield><marc:subfield code="b">HMNTS</marc:subfield><marc:subfield code="j">1385.d.26.</marc:subfield></marc:datafield><marc:datafield tag="886" ind1="2" ind2=" "><marc:subfield code="2">blmarc</marc:subfield><marc:subfield code="a">709</marc:subfield><marc:subfield code="b">00</marc:subfield><marc:subfield code="a">ARISTOTLE</marc:subfield><marc:subfield code="t">Single Works</marc:subfield><marc:subfield code="t">Ethica Nicomachea</marc:subfield><marc:subfield code="t">Appendix</marc:subfield><marc:subfield code="p">1385.d.26.</marc:subfield><marc:subfield code="x">0110800133</marc:subfield></marc:datafield></marc:record>