
<marc:record><marc:leader>00660 am a22001693  4500</marc:leader>
<marc:controlfield tag="001">000028262</marc:controlfield>
<marc:controlfield tag="003">Uk</marc:controlfield><marc:controlfield tag="005">20091125222700.0</marc:controlfield><marc:controlfield tag="008">871006|1848|||||||    ||     ||| |||||  </marc:controlfield><marc:datafield tag="040" ind1=" " ind2=" "><marc:subfield code="a">Uk</marc:subfield><marc:subfield code="c">Uk</marc:subfield></marc:datafield><marc:datafield tag="100" ind1="1" ind2=" "><marc:subfield code="a">AFZELIUS, Fredrik Georg.</marc:subfield></marc:datafield><marc:datafield tag="245" ind1="1" ind2="0"><marc:subfield code="a">Aristoteles' Kategorier. Resp. T. G. L. Bergström, A. T. Strömberg, A. G. Bogren, G. V. Schotte, P. B. Strömbäck, B. G. Bergman, C. J. Strömbäck, A. M. Afzelius, L. H. Afzelius.</marc:subfield></marc:datafield><marc:datafield tag="260" ind1=" " ind2=" "><marc:subfield code="a">Upsala,</marc:subfield><marc:subfield code="c">1848.</marc:subfield></marc:datafield><marc:datafield tag="300" ind1=" " ind2=" "><marc:subfield code="a">9 dl. 142 p. ;</marc:subfield><marc:subfield code="c">8º.</marc:subfield></marc:datafield><marc:datafield tag="700" ind1="1" ind2=" "><marc:subfield code="a">BOGREN, Anders Gustaf.</marc:subfield></marc:datafield><marc:datafield tag="852" ind1="4" ind2="1"><marc:subfield code="a">British Library</marc:subfield><marc:subfield code="b">HMNTS</marc:subfield><marc:subfield code="j">8461.a.37.(3.)</marc:subfield></marc:datafield><marc:datafield tag="886" ind1="2" ind2=" "><marc:subfield code="2">blmarc</marc:subfield><marc:subfield code="a">709</marc:subfield><marc:subfield code="b">00</marc:subfield><marc:subfield code="a">BOGREN</marc:subfield><marc:subfield code="h">Anders Gustaf</marc:subfield><marc:subfield code="p">8461.a.37.(3.)</marc:subfield><marc:subfield code="x">0361210051</marc:subfield></marc:datafield></marc:record>