
<marc:record><marc:leader>00747cam a22001933  4500</marc:leader>
<marc:controlfield tag="001">000028296</marc:controlfield>
<marc:controlfield tag="003">Uk</marc:controlfield><marc:controlfield tag="005">20111222151700.0</marc:controlfield><marc:controlfield tag="008">871006|1880|||||||    ||     ||| |||||  </marc:controlfield><marc:datafield tag="040" ind1=" " ind2=" "><marc:subfield code="a">Uk</marc:subfield><marc:subfield code="c">Uk</marc:subfield></marc:datafield><marc:datafield tag="100" ind1="1" ind2=" "><marc:subfield code="a">AG., A.</marc:subfield></marc:datafield><marc:datafield tag="245" ind1="1" ind2="0"><marc:subfield code="a">Obituary [of Count L. F. de Pourtalès]. (From the American Journal of Science.) [Signed: A. Ag., i.e. Alexander Agassiz.]</marc:subfield></marc:datafield><marc:datafield tag="260" ind1=" " ind2=" "><marc:subfield code="a">[New Haven,</marc:subfield><marc:subfield code="c">1880]</marc:subfield></marc:datafield><marc:datafield tag="300" ind1=" " ind2=" "><marc:subfield code="a">2 p. ;</marc:subfield><marc:subfield code="c">8º.</marc:subfield></marc:datafield><marc:datafield tag="700" ind1="1" ind2=" "><marc:subfield code="a">Agassiz, Alexander,</marc:subfield><marc:subfield code="d">1835-1910.</marc:subfield></marc:datafield><marc:datafield tag="700" ind1="1" ind2=" "><marc:subfield code="a">POURTALÈS, Louis François de,</marc:subfield><marc:subfield code="c">Count.</marc:subfield></marc:datafield><marc:datafield tag="852" ind1="4" ind2="1"><marc:subfield code="a">British Library</marc:subfield><marc:subfield code="b">HMNTS</marc:subfield><marc:subfield code="j">10881.eee.13.(7.)</marc:subfield></marc:datafield><marc:datafield tag="886" ind1="2" ind2=" "><marc:subfield code="2">blmarc</marc:subfield><marc:subfield code="a">709</marc:subfield><marc:subfield code="b">00</marc:subfield><marc:subfield code="a">AGASSIZ</marc:subfield><marc:subfield code="h">Alexander</marc:subfield><marc:subfield code="p">10881.eee.13.(7.)</marc:subfield><marc:subfield code="x">0032540302</marc:subfield></marc:datafield><marc:datafield tag="886" ind1="2" ind2=" "><marc:subfield code="2">blmarc</marc:subfield><marc:subfield code="a">709</marc:subfield><marc:subfield code="b">00</marc:subfield><marc:subfield code="a">POURTALÈS</marc:subfield><marc:subfield code="h">Louis François de</marc:subfield><marc:subfield code="f">Count</marc:subfield><marc:subfield code="p">10881.eee.13.(7.)</marc:subfield><marc:subfield code="x">2641380048</marc:subfield></marc:datafield></marc:record>