
<marc:record><marc:leader>00647cam a22001573  4500</marc:leader>
<marc:controlfield tag="001">000028306</marc:controlfield>
<marc:controlfield tag="003">Uk</marc:controlfield><marc:controlfield tag="005">20130709170300.0</marc:controlfield><marc:controlfield tag="008">930127|1883||||enk    ||     ||| ||eng  </marc:controlfield><marc:datafield tag="040" ind1=" " ind2=" "><marc:subfield code="a">Uk</marc:subfield><marc:subfield code="c">Uk</marc:subfield></marc:datafield><marc:datafield tag="100" ind1="1" ind2=" "><marc:subfield code="a">AGABEG, Aviet,</marc:subfield><marc:subfield code="c">and BARRY (William Frederick)</marc:subfield></marc:datafield><marc:datafield tag="245" ind1="1" ind2="4"><marc:subfield code="a">The Bills of Exchange Act, 1882 (45 &amp; 46 Vict. c. 61). With explanatory notes, etc.</marc:subfield></marc:datafield><marc:datafield tag="260" ind1=" " ind2=" "><marc:subfield code="a">London :</marc:subfield><marc:subfield code="b">W. Clowes &amp; Sons,</marc:subfield><marc:subfield code="c">1883.</marc:subfield></marc:datafield><marc:datafield tag="300" ind1=" " ind2=" "><marc:subfield code="a">xxii, 240 p. ;</marc:subfield><marc:subfield code="c">8º.</marc:subfield></marc:datafield><marc:datafield tag="775" ind1="0" ind2=" "><marc:subfield code="t">[The Bills of Exchange Act, 1882 (45 &amp; 46 Vict. c. 61). With explanatory notes, etc.]</marc:subfield><marc:subfield code="d">pp. xvi. 227. W. Clowes &amp; Sons: London, 1884. 8º.</marc:subfield><marc:subfield code="w">(Uk)MP1.0000031679.1</marc:subfield></marc:datafield><marc:datafield tag="852" ind1="4" ind2="1"><marc:subfield code="a">British Library</marc:subfield><marc:subfield code="b">HMNTS</marc:subfield><marc:subfield code="j">D-6375.h.17.</marc:subfield></marc:datafield></marc:record>