
<marc:record><marc:leader>00941cam a22002053  4500</marc:leader>
<marc:controlfield tag="001">000028307</marc:controlfield>
<marc:controlfield tag="003">Uk</marc:controlfield><marc:controlfield tag="005">20130709170300.0</marc:controlfield><marc:controlfield tag="008">930127|1884||||enk    ||     ||| |||||  </marc:controlfield><marc:datafield tag="040" ind1=" " ind2=" "><marc:subfield code="a">Uk</marc:subfield><marc:subfield code="c">Uk</marc:subfield></marc:datafield><marc:datafield tag="100" ind1="1" ind2=" "><marc:subfield code="a">AGABEG, Aviet,</marc:subfield><marc:subfield code="c">and BARRY (William Frederick)</marc:subfield></marc:datafield><marc:datafield tag="245" ind1="1" ind2="5"><marc:subfield code="a">[The Bills of Exchange Act, 1882 (45 &amp; 46 Vict. c. 61). With explanatory notes, etc.]</marc:subfield></marc:datafield><marc:datafield tag="250" ind1=" " ind2=" "><marc:subfield code="a">[Another edition.]</marc:subfield></marc:datafield><marc:datafield tag="260" ind1=" " ind2=" "><marc:subfield code="a">London :</marc:subfield><marc:subfield code="b">W. Clowes &amp; Sons,</marc:subfield><marc:subfield code="c">1884.</marc:subfield></marc:datafield><marc:datafield tag="300" ind1=" " ind2=" "><marc:subfield code="a">xvi, 227 p. ;</marc:subfield><marc:subfield code="c">8º.</marc:subfield></marc:datafield><marc:datafield tag="700" ind1="1" ind2=" "><marc:subfield code="a">BARRY, William Frederick.</marc:subfield></marc:datafield><marc:datafield tag="787" ind1="0" ind2=" "><marc:subfield code="t">The Bills of Exchange Act, 1882 (45 &amp; 46 Vict. c. 61). With explanatory notes, etc.</marc:subfield><marc:subfield code="d">pp. xxii. 240. W. Clowes &amp; Sons: London, 1883. 8º.</marc:subfield><marc:subfield code="w">(Uk)MP1.0000031679</marc:subfield></marc:datafield><marc:datafield tag="852" ind1="4" ind2="1"><marc:subfield code="a">British Library</marc:subfield><marc:subfield code="b">HMNTS</marc:subfield><marc:subfield code="j">6376.t.13.</marc:subfield></marc:datafield><marc:datafield tag="852" ind1="4" ind2="1"><marc:subfield code="a">British Library</marc:subfield><marc:subfield code="b">HMNTS</marc:subfield><marc:subfield code="j">Mic.A.11342.(2.)</marc:subfield><marc:subfield code="3">[Microfilm (negative) of another copy of the preceding.]</marc:subfield></marc:datafield><marc:datafield tag="886" ind1="2" ind2=" "><marc:subfield code="2">blmarc</marc:subfield><marc:subfield code="a">709</marc:subfield><marc:subfield code="b">00</marc:subfield><marc:subfield code="a">BARRY</marc:subfield><marc:subfield code="h">William Frederick</marc:subfield><marc:subfield code="p">6375.h.17.</marc:subfield><marc:subfield code="x">0200830104</marc:subfield><marc:subfield code="p">6376.t.13.</marc:subfield><marc:subfield code="x">0200830104</marc:subfield></marc:datafield></marc:record>