
<marc:record><marc:leader>00765cam a22001813  4500</marc:leader>
<marc:controlfield tag="001">000028347</marc:controlfield>
<marc:controlfield tag="003">Uk</marc:controlfield><marc:controlfield tag="005">20120403104200.0</marc:controlfield><marc:controlfield tag="008">871006|1883|||||||    ||     ||| |||||  </marc:controlfield><marc:datafield tag="040" ind1=" " ind2=" "><marc:subfield code="a">Uk</marc:subfield><marc:subfield code="c">Uk</marc:subfield></marc:datafield><marc:datafield tag="100" ind1="1" ind2=" "><marc:subfield code="a">AGAFONOV, Nikolai Yakovlevich.</marc:subfield></marc:datafield><marc:datafield tag="245" ind1="1" ind2="0"><marc:subfield code="a">Матеріалы для полнаго собранія сочиненій И. С. Тургенева. Составилъ Николай Агафоновъ..</marc:subfield></marc:datafield><marc:datafield tag="260" ind1=" " ind2=" "><marc:subfield code="a">pp. 31. Казань, 1883.</marc:subfield></marc:datafield><marc:datafield tag="300" ind1=" " ind2=" "><marc:subfield code="a">8º.</marc:subfield></marc:datafield><marc:datafield tag="500" ind1=" " ind2=" "><marc:subfield code="a">Xerographic Facsimile, made by University Microfilms, Ann Arbor, Michigan, 1965.</marc:subfield></marc:datafield><marc:datafield tag="700" ind1="1" ind2=" "><marc:subfield code="a">Turgenev, Ivan Sergeevich,</marc:subfield><marc:subfield code="d">1818-1883.</marc:subfield><marc:subfield code="t">Appendix.</marc:subfield></marc:datafield><marc:datafield tag="852" ind1="4" ind2="1"><marc:subfield code="a">British Library</marc:subfield><marc:subfield code="b">HMNTS</marc:subfield><marc:subfield code="j">X.909/4587.</marc:subfield></marc:datafield><marc:datafield tag="886" ind1="2" ind2=" "><marc:subfield code="2">blmarc</marc:subfield><marc:subfield code="a">709</marc:subfield><marc:subfield code="b">00</marc:subfield><marc:subfield code="a">TURGENEV</marc:subfield><marc:subfield code="h">Ivan Sergeevich</marc:subfield><marc:subfield code="t">Appendix</marc:subfield><marc:subfield code="p">X.909/4587.</marc:subfield><marc:subfield code="x">3304860282</marc:subfield></marc:datafield></marc:record>