
<marc:record><marc:leader>00551 am a22001453  4500</marc:leader>
<marc:controlfield tag="001">000028363</marc:controlfield>
<marc:controlfield tag="003">Uk</marc:controlfield><marc:controlfield tag="005">20091125222700.0</marc:controlfield><marc:controlfield tag="008">871006|1892|||||||    ||    |||| |||||  </marc:controlfield><marc:datafield tag="040" ind1=" " ind2=" "><marc:subfield code="a">Uk</marc:subfield><marc:subfield code="c">Uk</marc:subfield></marc:datafield><marc:datafield tag="245" ind1="1" ind2="0"><marc:subfield code="a">Agallamh na senórach in so. (The Colloquy with the Ancients.) Irish &amp; Eng.</marc:subfield></marc:datafield><marc:datafield tag="580" ind1=" " ind2=" "><marc:subfield code="a">In : O'Grady (Standish H.) Silva Gadelica, etc. 1892. 8º.</marc:subfield></marc:datafield><marc:datafield tag="720" ind1=" " ind2=" "><marc:subfield code="a">AGALLAMH</marc:subfield><marc:subfield code="e">main entry</marc:subfield></marc:datafield><marc:datafield tag="787" ind1="0" ind2=" "><marc:subfield code="t">Agallamh na senórach in so.</marc:subfield><marc:subfield code="n">In O'Grady (Standish H.) Silva Gadelica, etc. [1935.] 8º.</marc:subfield><marc:subfield code="w">(Uk)MP1.0000031744.1</marc:subfield></marc:datafield><marc:datafield tag="852" ind1="4" ind2="1"><marc:subfield code="a">British Library</marc:subfield><marc:subfield code="b">HMNTS</marc:subfield><marc:subfield code="j">2346.i.3.</marc:subfield></marc:datafield></marc:record>