
<marc:record><marc:leader>00487cam a22001453  4500</marc:leader>
<marc:controlfield tag="001">000028397</marc:controlfield>
<marc:controlfield tag="003">Uk</marc:controlfield><marc:controlfield tag="005">20130704202200.0</marc:controlfield><marc:controlfield tag="008">871006|1877|||||||    ||     ||| |||||  </marc:controlfield><marc:datafield tag="040" ind1=" " ind2=" "><marc:subfield code="a">Uk</marc:subfield><marc:subfield code="c">Uk</marc:subfield></marc:datafield><marc:datafield tag="100" ind1="1" ind2=" "><marc:subfield code="a">Agapētos, Agapētos S.</marc:subfield></marc:datafield><marc:datafield tag="245" ind1="1" ind2="0"><marc:subfield code="a">Οἱ ἐνδοξοι Ἑλληνες του 1821, ἠ οἱ πρωταγωνισται της Ἑλλαδος, etc. tom. 1.</marc:subfield></marc:datafield><marc:datafield tag="260" ind1=" " ind2=" "><marc:subfield code="a">ἐν Πατραις,</marc:subfield><marc:subfield code="c">1877.</marc:subfield></marc:datafield><marc:datafield tag="300" ind1=" " ind2=" "><marc:subfield code="a">520 p. ;</marc:subfield><marc:subfield code="c">8º.</marc:subfield></marc:datafield><marc:datafield tag="852" ind1="4" ind2="1"><marc:subfield code="a">British Library</marc:subfield><marc:subfield code="b">HMNTS</marc:subfield><marc:subfield code="j">9136.bbb.11.</marc:subfield></marc:datafield></marc:record>