
<marc:record><marc:leader>00708cam a22001693  4500</marc:leader>
<marc:controlfield tag="001">000028401</marc:controlfield>
<marc:controlfield tag="003">Uk</marc:controlfield><marc:controlfield tag="005">20130704202200.0</marc:controlfield><marc:controlfield tag="008">871006|1863|||||||    ||     ||| |||||  </marc:controlfield><marc:datafield tag="040" ind1=" " ind2=" "><marc:subfield code="a">Uk</marc:subfield><marc:subfield code="c">Uk</marc:subfield></marc:datafield><marc:datafield tag="100" ind1="1" ind2=" "><marc:subfield code="a">Agapētos, Agapētos S.</marc:subfield></marc:datafield><marc:datafield tag="245" ind1="1" ind2="0"><marc:subfield code="a">Ἡ τυραννομαχος Ἑλλας. Ἠ ἡ ἐκθρονησις του Ὀθωνος. Συλλογη διαφορων νεων ἀσματων ... Ἐκδιδονται δια δαπανης Ἀ. Σ. Ἀγαπητου..</marc:subfield></marc:datafield><marc:datafield tag="260" ind1=" " ind2=" "><marc:subfield code="a">pp. 176. ἐν Πατραις, 1863.</marc:subfield></marc:datafield><marc:datafield tag="300" ind1=" " ind2=" "><marc:subfield code="a">16º.</marc:subfield></marc:datafield><marc:datafield tag="720" ind1=" " ind2=" "><marc:subfield code="a">OTHO, King of Greece</marc:subfield></marc:datafield><marc:datafield tag="852" ind1="4" ind2="1"><marc:subfield code="a">British Library</marc:subfield><marc:subfield code="b">HMNTS</marc:subfield><marc:subfield code="j">11586.a.11.</marc:subfield></marc:datafield><marc:datafield tag="886" ind1="2" ind2=" "><marc:subfield code="2">blmarc</marc:subfield><marc:subfield code="a">709</marc:subfield><marc:subfield code="b">00</marc:subfield><marc:subfield code="a">OTHO, King of Greece</marc:subfield><marc:subfield code="p">11586.a.11.</marc:subfield><marc:subfield code="x">2433950295</marc:subfield></marc:datafield></marc:record>