
<marc:record><marc:leader>01063 am a22001333  4500</marc:leader>
<marc:controlfield tag="001">000028420</marc:controlfield>
<marc:controlfield tag="003">Uk</marc:controlfield><marc:controlfield tag="005">20091125222700.0</marc:controlfield><marc:controlfield tag="008">950913|1817|||||||    ||    |||| |||||  </marc:controlfield><marc:datafield tag="040" ind1=" " ind2=" "><marc:subfield code="a">Uk</marc:subfield><marc:subfield code="c">Uk</marc:subfield></marc:datafield><marc:datafield tag="245" ind1="1" ind2="0"><marc:subfield code="a">Ἐκθεσις, κεφαλαιων παραινετικων, σχεδιασθεισα, παρα Ἀγαπητου Ἱεροδιακονου, της ἁγιωτατης του Θεου Μεγαλης Ἐκκλησιας ... Μεταφρασθεισα ἐκ της Ἑλληνιδος εἰς την κοινην ἡμετεραν ἁπλοϊκην διαλεκτον, παρα του Πανιερωτατου Μητροπολιτου πρῳην Ἁγκυρας του πισσιδειου, etc. Mod. Gr.</marc:subfield></marc:datafield><marc:datafield tag="580" ind1=" " ind2=" "><marc:subfield code="a">In: Mary, the Blessed Virgin.-Churches, etc.-Kykko.-Monē tēs Hyperagias Theotokon. Περιγραφη της ἱερας, σεβασμιας και βασιλικης μονης της ὑπεραγιας Θεοτοκου, etc. 1817. 4º.</marc:subfield></marc:datafield><marc:datafield tag="720" ind1=" " ind2=" "><marc:subfield code="a">AGAPETUS, Diaconus</marc:subfield><marc:subfield code="e">main entry</marc:subfield></marc:datafield><marc:datafield tag="852" ind1="4" ind2="1"><marc:subfield code="a">British Library</marc:subfield><marc:subfield code="b">HMNTS</marc:subfield><marc:subfield code="j">4695.ee.33.</marc:subfield></marc:datafield></marc:record>