
<marc:record><marc:leader>01001 am a22001693  4500</marc:leader>
<marc:controlfield tag="001">000028456</marc:controlfield>
<marc:controlfield tag="003">Uk</marc:controlfield><marc:controlfield tag="005">20091125222700.0</marc:controlfield><marc:controlfield tag="008">871006|1840|||||||    ||    |||| |||||  </marc:controlfield><marc:datafield tag="040" ind1=" " ind2=" "><marc:subfield code="a">Uk</marc:subfield><marc:subfield code="c">Uk</marc:subfield></marc:datafield><marc:datafield tag="245" ind1="1" ind2="0"><marc:subfield code="a">[Βιβλιον ὡραιοτατον, καλουμενον Ἁμαρτωλων σωτηρια, συντεθεν εἰς κοινην των Γραικων διαλεκτον παρα Ἀγαπιου Μοναχου του Κρητος, etc.]</marc:subfield></marc:datafield><marc:datafield tag="250" ind1=" " ind2=" "><marc:subfield code="a">[Another edition.]</marc:subfield></marc:datafield><marc:datafield tag="260" ind1=" " ind2=" "><marc:subfield code="a">pp. viii. 368. ἐν Βενετιᾳ, 1840.</marc:subfield></marc:datafield><marc:datafield tag="300" ind1=" " ind2=" "><marc:subfield code="a">4º.</marc:subfield></marc:datafield><marc:datafield tag="720" ind1=" " ind2=" "><marc:subfield code="a">AGAPIOS, Monk of Crete [Athanasios Landos]</marc:subfield><marc:subfield code="e">main entry</marc:subfield></marc:datafield><marc:datafield tag="787" ind1="0" ind2=" "><marc:subfield code="t">Βιβλιον ὡραιοτατον, καλουμενον Ἁμαρτωλων σωτηρια, συντεθεν εἰς κοινην των Γραικων διαλεκτον παρα Ἀγαπιου Μοναχου του Κρητος, etc.</marc:subfield><marc:subfield code="d">pp. ηʹ. 452. Ἐνετιῃσιν, 1780. 4º.</marc:subfield><marc:subfield code="w">(Uk)MP1.0000031822</marc:subfield></marc:datafield><marc:datafield tag="852" ind1="4" ind2="1"><marc:subfield code="a">British Library</marc:subfield><marc:subfield code="b">HMNTS</marc:subfield><marc:subfield code="j">4377.ff.4.</marc:subfield></marc:datafield></marc:record>