
<marc:record><marc:leader>00811 am a22001573  4500</marc:leader>
<marc:controlfield tag="001">000028459</marc:controlfield>
<marc:controlfield tag="003">Uk</marc:controlfield><marc:controlfield tag="005">20091125222700.0</marc:controlfield><marc:controlfield tag="008">871006|1851|||||||    ||    |||| |||||  </marc:controlfield><marc:datafield tag="040" ind1=" " ind2=" "><marc:subfield code="a">Uk</marc:subfield><marc:subfield code="c">Uk</marc:subfield></marc:datafield><marc:datafield tag="245" ind1="1" ind2="0"><marc:subfield code="a">Βιβλίον ὡραιότατον καλούμενον Ἁμαρτώλων σωτηρία ... Ἐκ πολλω̂ν σφαλμάτων μετὰ πάσης ἐπιμελείας ἐκκαθαρθέν..</marc:subfield></marc:datafield><marc:datafield tag="260" ind1=" " ind2=" "><marc:subfield code="a">Ἐν Βενετίᾳ: ἐκ τη̂ς Ἑλληνικη̂ς Τυπογραφίας του̂ Φοίνικος, 1851.</marc:subfield></marc:datafield><marc:datafield tag="300" ind1=" " ind2=" "><marc:subfield code="a">Ἀθη̂ναι: Ἐκδόσεις Σπάνου, 1969. pp. 362. 26 cm.</marc:subfield></marc:datafield><marc:datafield tag="500" ind1=" " ind2=" "><marc:subfield code="a">A photographic reprint.</marc:subfield></marc:datafield><marc:datafield tag="720" ind1=" " ind2=" "><marc:subfield code="a">AGAPIOS, Monk of Crete [Athanasios Landos]</marc:subfield><marc:subfield code="e">main entry</marc:subfield></marc:datafield><marc:datafield tag="852" ind1="4" ind2="1"><marc:subfield code="a">British Library</marc:subfield><marc:subfield code="b">HMNTS</marc:subfield><marc:subfield code="j">X.100/15903.</marc:subfield></marc:datafield></marc:record>