
<marc:record><marc:leader>00960 am a22001453  4500</marc:leader>
<marc:controlfield tag="001">000028461</marc:controlfield>
<marc:controlfield tag="003">Uk</marc:controlfield><marc:controlfield tag="005">20091125222700.0</marc:controlfield><marc:controlfield tag="008">871006|1801|||||||    ||    |||| |||||  </marc:controlfield><marc:datafield tag="040" ind1=" " ind2=" "><marc:subfield code="a">Uk</marc:subfield><marc:subfield code="c">Uk</marc:subfield></marc:datafield><marc:datafield tag="245" ind1="1" ind2="0"><marc:subfield code="a">Βιβλος καλουμενη Καλοκαιρινη ἐν ῃ εἰσι γεγραμμενοι μερικοι βιοι Ἁγιων τινων, οἱ ὡραιοτεροι του Καλοκαιριου, ἀπο την ά. του Μαρτιου ἑως ταις ὑστεραις Αὐγουστου. Μεταφρασθεντες ἐκ της των Ἑλληνων εἰς την κοινην ἡμετεραν διαλεκτον παρα Ἀγαπιου ... Νεωστι δε μετατυπωθεντες, και ἐπιμελως διορθωθεντες..</marc:subfield></marc:datafield><marc:datafield tag="260" ind1=" " ind2=" "><marc:subfield code="a">pp. 320. Ἐνετιῃσιν, 1801.</marc:subfield></marc:datafield><marc:datafield tag="300" ind1=" " ind2=" "><marc:subfield code="a">4º.</marc:subfield></marc:datafield><marc:datafield tag="720" ind1=" " ind2=" "><marc:subfield code="a">AGAPIOS, Monk of Crete [Athanasios Landos]</marc:subfield><marc:subfield code="e">main entry</marc:subfield></marc:datafield><marc:datafield tag="852" ind1="4" ind2="1"><marc:subfield code="a">British Library</marc:subfield><marc:subfield code="b">HMNTS</marc:subfield><marc:subfield code="j">870.e.20.</marc:subfield></marc:datafield></marc:record>