
<marc:record><marc:leader>01675 am a22001933  4500</marc:leader>
<marc:controlfield tag="001">000028463</marc:controlfield>
<marc:controlfield tag="003">Uk</marc:controlfield><marc:controlfield tag="005">20091125222700.0</marc:controlfield><marc:controlfield tag="008">871006|1840|||||||    ||    |||| |||||  </marc:controlfield><marc:datafield tag="040" ind1=" " ind2=" "><marc:subfield code="a">Uk</marc:subfield><marc:subfield code="c">Uk</marc:subfield></marc:datafield><marc:datafield tag="245" ind1="1" ind2="0"><marc:subfield code="a">[Βιβλιον καλουμενον Κυριακοδρομιον, ἠγουν διδαχαι και ὁμιλιαι εἰς τας Κυριακας ὁλου του ἐνιαυτου, συλλεχθεισαι (και μεταγλωττισμεναι) παρα Ἀγαπιου ... ἐκ διαφορων διδασκαλων. Προστιθεισης του ἁγιου Γρηγοριου [otherwise called Theophanes] Ταυρομενειας εἰς τα ἑνδεκα ἑωθινα Εὐαγγελια, etc.]</marc:subfield></marc:datafield><marc:datafield tag="250" ind1=" " ind2=" "><marc:subfield code="a">[Another edition.] Διορθωθεν παρα Ν. Ι..</marc:subfield></marc:datafield><marc:datafield tag="260" ind1=" " ind2=" "><marc:subfield code="a">pp. 295. ἐν Βενετιᾳ, 1840.</marc:subfield></marc:datafield><marc:datafield tag="300" ind1=" " ind2=" "><marc:subfield code="a">4º.</marc:subfield></marc:datafield><marc:datafield tag="700" ind1="1" ind2=" "><marc:subfield code="a">I., N.</marc:subfield></marc:datafield><marc:datafield tag="720" ind1=" " ind2=" "><marc:subfield code="a">AGAPIOS, Monk of Crete [Athanasios Landos]</marc:subfield><marc:subfield code="e">main entry</marc:subfield></marc:datafield><marc:datafield tag="787" ind1="0" ind2=" "><marc:subfield code="t">Βιβλιον καλουμενον Κυριακοδρομιον, ἠγουν διδαχαι και ὁμιλιαι εἰς τας Κυριακας ὁλου του ἐνιαυτου, συλλεχθεισαι (και μεταγλωττισμεναι) παρα Ἀγαπιου ... ἐκ διαφορων διδασκαλων. Προστιθεισης του ἁγιου Γρηγοριου [otherwise called Theophanes] Ταυρομενειας εἰς τα ἑνδεκα ἑωθινα Εὐαγγελια, etc.</marc:subfield><marc:subfield code="d">pp. κʹ. 324. Ἐνετιησιν, 1803. 4º.</marc:subfield><marc:subfield code="w">(Uk)MP1.0000031827</marc:subfield></marc:datafield><marc:datafield tag="852" ind1="4" ind2="1"><marc:subfield code="a">British Library</marc:subfield><marc:subfield code="b">HMNTS</marc:subfield><marc:subfield code="j">4425.ee.17.</marc:subfield></marc:datafield><marc:datafield tag="886" ind1="2" ind2=" "><marc:subfield code="2">blmarc</marc:subfield><marc:subfield code="a">709</marc:subfield><marc:subfield code="b">00</marc:subfield><marc:subfield code="a">I.</marc:subfield><marc:subfield code="h">N.</marc:subfield><marc:subfield code="p">4425.ee.17.</marc:subfield><marc:subfield code="x">1572110228</marc:subfield></marc:datafield></marc:record>