
<marc:record><marc:leader>00856 am a22001693  4500</marc:leader>
<marc:controlfield tag="001">000028466</marc:controlfield>
<marc:controlfield tag="003">Uk</marc:controlfield><marc:controlfield tag="005">20091125222700.0</marc:controlfield><marc:controlfield tag="008">871006|1863|||||||    ||    |||| |||||  </marc:controlfield><marc:datafield tag="040" ind1=" " ind2=" "><marc:subfield code="a">Uk</marc:subfield><marc:subfield code="c">Uk</marc:subfield></marc:datafield><marc:datafield tag="245" ind1="1" ind2="0"><marc:subfield code="a">Το φαναρι του Διογενους ἐπιγραφομενον ἐπανοδος του Διογενους. Δραμα διαιρουμενον εἰς πραξεις και σκηνας. Ποιηθεν εἰς στιχους πολιτικους ὁμοιοκαταληκτους εἰς την ἀρχην της 18ης ἑκατονταετηριδος ... Ἐκδοθεν ὑπο Ε. Γ..</marc:subfield></marc:datafield><marc:datafield tag="260" ind1=" " ind2=" "><marc:subfield code="a">pp. 46. ἐν Ἀθηναις, 1863.</marc:subfield></marc:datafield><marc:datafield tag="300" ind1=" " ind2=" "><marc:subfield code="a">8º.</marc:subfield></marc:datafield><marc:datafield tag="700" ind1="1" ind2=" "><marc:subfield code="a">G., E.</marc:subfield></marc:datafield><marc:datafield tag="720" ind1=" " ind2=" "><marc:subfield code="a">AGAPIOS</marc:subfield><marc:subfield code="e">main entry</marc:subfield></marc:datafield><marc:datafield tag="852" ind1="4" ind2="1"><marc:subfield code="a">British Library</marc:subfield><marc:subfield code="b">HMNTS</marc:subfield><marc:subfield code="j">11758.a.11.(1.)</marc:subfield></marc:datafield><marc:datafield tag="886" ind1="2" ind2=" "><marc:subfield code="2">blmarc</marc:subfield><marc:subfield code="a">709</marc:subfield><marc:subfield code="b">00</marc:subfield><marc:subfield code="a">G.</marc:subfield><marc:subfield code="h">E.</marc:subfield><marc:subfield code="p">11758.a.11.(1.)</marc:subfield><marc:subfield code="x">1181150205</marc:subfield></marc:datafield></marc:record>