
<marc:record><marc:leader>00981cam a22001933  4500</marc:leader>
<marc:controlfield tag="001">000028477</marc:controlfield>
<marc:controlfield tag="003">Uk</marc:controlfield><marc:controlfield tag="005">20120424163700.0</marc:controlfield><marc:controlfield tag="008">951002|1845|||||||    ||    |||| |||||  </marc:controlfield><marc:datafield tag="040" ind1=" " ind2=" "><marc:subfield code="a">Uk</marc:subfield><marc:subfield code="c">Uk</marc:subfield></marc:datafield><marc:datafield tag="245" ind1="1" ind2="0"><marc:subfield code="a">[Flores Grammaticales Arabici idiomatis ... Cui accedit in fine Praxis Grammaticalis, &amp; Exercitium pro lectione vulgari.]</marc:subfield></marc:datafield><marc:datafield tag="250" ind1=" " ind2=" "><marc:subfield code="a">[Another edition.] Editio prima Romana in meliorem ordinem redacta et variis accessionibus locupletata. [Edited by V. F. Castellinius.]</marc:subfield></marc:datafield><marc:datafield tag="260" ind1=" " ind2=" "><marc:subfield code="a">Romæ,</marc:subfield><marc:subfield code="c">1845.</marc:subfield></marc:datafield><marc:datafield tag="300" ind1=" " ind2=" "><marc:subfield code="a">xv, 409 p. ;</marc:subfield><marc:subfield code="c">8º.</marc:subfield></marc:datafield><marc:datafield tag="700" ind1="1" ind2=" "><marc:subfield code="a">CASTELLINI, Vincentius Ferdinandus.</marc:subfield></marc:datafield><marc:datafield tag="720" ind1=" " ind2=" "><marc:subfield code="a">AGAPITUS, a Valle Flemmarum</marc:subfield><marc:subfield code="e">main entry</marc:subfield></marc:datafield><marc:datafield tag="787" ind1="0" ind2=" "><marc:subfield code="t">Flores Grammaticales Arabici idiomatis ... Cui accedit in fine Praxis Grammaticalis, &amp; Exercitium pro lectione vulgari.</marc:subfield><marc:subfield code="d">2 pt. Ex Typographia Seminarii: Patavii, 1687. 4º.</marc:subfield><marc:subfield code="w">(Uk)MP1.0000031844</marc:subfield></marc:datafield><marc:datafield tag="852" ind1="4" ind2="1"><marc:subfield code="a">British Library</marc:subfield><marc:subfield code="b">HMNTS</marc:subfield><marc:subfield code="j">825.d.10.</marc:subfield></marc:datafield><marc:datafield tag="886" ind1="2" ind2=" "><marc:subfield code="2">blmarc</marc:subfield><marc:subfield code="a">709</marc:subfield><marc:subfield code="b">00</marc:subfield><marc:subfield code="a">CASTELLINI</marc:subfield><marc:subfield code="h">Vincentius Ferdinandus</marc:subfield><marc:subfield code="p">825.d.10.</marc:subfield><marc:subfield code="x">055477030X</marc:subfield></marc:datafield></marc:record>