
<marc:record><marc:leader>00977 am a22001573  4500</marc:leader>
<marc:controlfield tag="001">000028601</marc:controlfield>
<marc:controlfield tag="003">Uk</marc:controlfield><marc:controlfield tag="005">20091125222700.0</marc:controlfield><marc:controlfield tag="008">871006|1874|||||||    ||     ||| |||||  </marc:controlfield><marc:datafield tag="040" ind1=" " ind2=" "><marc:subfield code="a">Uk</marc:subfield><marc:subfield code="c">Uk</marc:subfield></marc:datafield><marc:datafield tag="100" ind1="1" ind2=" "><marc:subfield code="a">AGARD DE CHAMPS, Étienne.</marc:subfield></marc:datafield><marc:datafield tag="245" ind1="1" ind2="0"><marc:subfield code="a">[Quæstio Facti. Utrum theologorum Societatis Iesu propriæ sint istæ sententiæ duæ: Prima: Ex duabus opinionibus probabilibus possumus sequi minus tutam. Secunda: Ex duabus opinionibus probabilibus licitum est amplecti minus probabilem.]</marc:subfield></marc:datafield><marc:datafield tag="250" ind1=" " ind2=" "><marc:subfield code="a">[Another edition.]</marc:subfield></marc:datafield><marc:datafield tag="580" ind1=" " ind2=" "><marc:subfield code="a">In : Busenbaum (H.) P. Claudii Lacroix ... Theologia Moralis, etc. tom. 1. 1874. 4º.</marc:subfield></marc:datafield><marc:datafield tag="787" ind1="0" ind2=" "><marc:subfield code="t">Quæstio Facti. Utrum theologorum Societatis Iesu propriæ sint istæ sententiæ duæ: Prima: Ex duabus opinionibus probabilibus possumus sequi minus tutam. Secunda: Ex duabus opinionibus probabilibus licitum est amplecti minus probabilem.</marc:subfield><marc:subfield code="d">pp. 48. S. Cramoisy: Parisiis, 1659. 4º.</marc:subfield><marc:subfield code="w">(Uk)MP1.0000031975</marc:subfield></marc:datafield><marc:datafield tag="852" ind1="4" ind2="1"><marc:subfield code="a">British Library</marc:subfield><marc:subfield code="b">HMNTS</marc:subfield><marc:subfield code="j">1215.g.13.</marc:subfield></marc:datafield></marc:record>