
<marc:record><marc:leader>00527 am a22001693  4500</marc:leader>
<marc:controlfield tag="001">000028604</marc:controlfield>
<marc:controlfield tag="003">Uk</marc:controlfield><marc:controlfield tag="005">20091013141721.0</marc:controlfield><marc:controlfield tag="008">871006s1863    sw     ||     ||| ||swe  </marc:controlfield><marc:datafield tag="040" ind1=" " ind2=" "><marc:subfield code="a">Uk</marc:subfield><marc:subfield code="c">Uk</marc:subfield></marc:datafield><marc:datafield tag="100" ind1="1" ind2=" "><marc:subfield code="a">Agardh, C. A.</marc:subfield><marc:subfield code="q">(Carl Adolf),</marc:subfield><marc:subfield code="d">1785-1859</marc:subfield></marc:datafield><marc:datafield tag="245" ind1="1" ind2="0"><marc:subfield code="a">C. A. Agardhs samlade skrifter af blandadt innehåll. [Edited by A. Kahl.]</marc:subfield></marc:datafield><marc:datafield tag="260" ind1=" " ind2=" "><marc:subfield code="a">Lund,</marc:subfield><marc:subfield code="c">1863.</marc:subfield></marc:datafield><marc:datafield tag="300" ind1=" " ind2=" "><marc:subfield code="a">2 bd. 8º.</marc:subfield></marc:datafield><marc:datafield tag="700" ind1="1" ind2=" "><marc:subfield code="a">KAHL, Achates.</marc:subfield></marc:datafield><marc:datafield tag="852" ind1="4" ind2="1"><marc:subfield code="a">British Library</marc:subfield><marc:subfield code="b">HMNTS</marc:subfield><marc:subfield code="j">12260.cc.8.</marc:subfield></marc:datafield><marc:datafield tag="886" ind1="2" ind2=" "><marc:subfield code="2">blmarc</marc:subfield><marc:subfield code="a">709</marc:subfield><marc:subfield code="b">00</marc:subfield><marc:subfield code="a">KAHL</marc:subfield><marc:subfield code="h">Achates</marc:subfield><marc:subfield code="p">12260.cc.8.</marc:subfield><marc:subfield code="x">1701040115</marc:subfield></marc:datafield></marc:record>