
<marc:record><marc:leader>00675cam a22001693  4500</marc:leader>
<marc:controlfield tag="001">000028619</marc:controlfield>
<marc:controlfield tag="003">Uk</marc:controlfield><marc:controlfield tag="005">20120830171500.0</marc:controlfield><marc:controlfield tag="008">871006|1831|||||||    ||     ||| |||||  </marc:controlfield><marc:datafield tag="040" ind1=" " ind2=" "><marc:subfield code="a">Uk</marc:subfield><marc:subfield code="c">Uk</marc:subfield></marc:datafield><marc:datafield tag="100" ind1="1" ind2=" "><marc:subfield code="a">Agardh, C. A.</marc:subfield><marc:subfield code="q">(Carl Adolf),</marc:subfield><marc:subfield code="d">1785-1859</marc:subfield></marc:datafield><marc:datafield tag="245" ind1="1" ind2="0"><marc:subfield code="a">Lehrbuch der Botanik, etc. (Organographie der Pflanzen, übersetzt von L. Meyer. Allgemeine Biologie der Pflanzen, übersetzt von F. C. H. Creplin.).</marc:subfield></marc:datafield><marc:datafield tag="260" ind1=" " ind2=" "><marc:subfield code="a">Kopenhagen ;</marc:subfield><marc:subfield code="a">Greifswald,</marc:subfield><marc:subfield code="c">1831, 32.</marc:subfield></marc:datafield><marc:datafield tag="300" ind1=" " ind2=" "><marc:subfield code="a">2 Abt. ;</marc:subfield><marc:subfield code="c">8º.</marc:subfield></marc:datafield><marc:datafield tag="700" ind1="1" ind2=" "><marc:subfield code="a">CREPLIN, Friedrich Heinrich Christian.</marc:subfield></marc:datafield><marc:datafield tag="852" ind1="4" ind2="1"><marc:subfield code="a">British Library</marc:subfield><marc:subfield code="b">HMNTS</marc:subfield><marc:subfield code="j">724.g.30.</marc:subfield></marc:datafield><marc:datafield tag="886" ind1="2" ind2=" "><marc:subfield code="2">blmarc</marc:subfield><marc:subfield code="a">709</marc:subfield><marc:subfield code="b">00</marc:subfield><marc:subfield code="a">CREPLIN</marc:subfield><marc:subfield code="h">Friedrich Heinrich Christian</marc:subfield><marc:subfield code="p">724.g.30.</marc:subfield><marc:subfield code="x">0723540047</marc:subfield></marc:datafield></marc:record>