
<marc:record><marc:leader>00531 am a22001333  4500</marc:leader>
<marc:controlfield tag="001">000028628</marc:controlfield>
<marc:controlfield tag="003">Uk</marc:controlfield><marc:controlfield tag="005">20091125222700.0</marc:controlfield><marc:controlfield tag="008">871006|1858|||||||    ||     ||| |||||  </marc:controlfield><marc:datafield tag="040" ind1=" " ind2=" "><marc:subfield code="a">Uk</marc:subfield><marc:subfield code="c">Uk</marc:subfield></marc:datafield><marc:datafield tag="100" ind1="1" ind2=" "><marc:subfield code="a">Agardh, C. A.</marc:subfield><marc:subfield code="q">(Carl Adolf),</marc:subfield><marc:subfield code="d">1785-1859</marc:subfield></marc:datafield><marc:datafield tag="245" ind1="1" ind2="0"><marc:subfield code="a">Und. utlåtande ang. förslag till ny Kyrko-handbok.-Underdånigt utlåtande angående förslag till ny Katekes.</marc:subfield></marc:datafield><marc:datafield tag="580" ind1=" " ind2=" "><marc:subfield code="a">In : Karlstad, Chapter of. Utlåtanden rörande klandret emot Swenska Psalmboken, etc. 1858. 8º.</marc:subfield></marc:datafield><marc:datafield tag="852" ind1="4" ind2="1"><marc:subfield code="a">British Library</marc:subfield><marc:subfield code="b">HMNTS</marc:subfield><marc:subfield code="j">3477.dd.24.(2.)</marc:subfield></marc:datafield></marc:record>