
<marc:record><marc:leader>00486cam a22001573  4500</marc:leader>
<marc:controlfield tag="001">000028713</marc:controlfield>
<marc:controlfield tag="003">Uk</marc:controlfield><marc:controlfield tag="005">20121130180400.0</marc:controlfield><marc:controlfield tag="008">871006|1865|||||||    ||     ||| |||||  </marc:controlfield><marc:datafield tag="040" ind1=" " ind2=" "><marc:subfield code="a">Uk</marc:subfield><marc:subfield code="c">Uk</marc:subfield></marc:datafield><marc:datafield tag="100" ind1="1" ind2=" "><marc:subfield code="a">Agassiz, Alexander,</marc:subfield><marc:subfield code="d">1835-1910.</marc:subfield></marc:datafield><marc:datafield tag="245" ind1="1" ind2="0"><marc:subfield code="a">North American Acalephæ.</marc:subfield></marc:datafield><marc:datafield tag="260" ind1=" " ind2=" "><marc:subfield code="a">Cambridge, Mass.,</marc:subfield><marc:subfield code="c">1865.</marc:subfield></marc:datafield><marc:datafield tag="300" ind1=" " ind2=" "><marc:subfield code="a">xiv, 234 p. ;</marc:subfield><marc:subfield code="c">4º.</marc:subfield></marc:datafield><marc:datafield tag="490" ind1="0" ind2=" "><marc:subfield code="a">[Memoirs of the Museum of Comparative Zoölogy at Harvard College. vol. 1. no. 2.]</marc:subfield></marc:datafield><marc:datafield tag="852" ind1="4" ind2="1"><marc:subfield code="a">British Library</marc:subfield><marc:subfield code="b">HMNTS</marc:subfield><marc:subfield code="j">Ac.1736/4.</marc:subfield></marc:datafield></marc:record>