
<marc:record><marc:leader>00644cam a22001693  4500</marc:leader>
<marc:controlfield tag="001">000028727</marc:controlfield>
<marc:controlfield tag="003">Uk</marc:controlfield><marc:controlfield tag="005">20121009194900.0</marc:controlfield><marc:controlfield tag="008">950314|1883|||||||    ||     ||| |||||  </marc:controlfield><marc:datafield tag="040" ind1=" " ind2=" "><marc:subfield code="a">Uk</marc:subfield><marc:subfield code="c">Uk</marc:subfield></marc:datafield><marc:datafield tag="100" ind1="1" ind2=" "><marc:subfield code="a">Agassiz, Alexander,</marc:subfield><marc:subfield code="d">1835-1910.</marc:subfield></marc:datafield><marc:datafield tag="245" ind1="1" ind2="0"><marc:subfield code="a">Studies from the Newport Marine Zoölogical Laboratory. Communicated by A. Agassiz. pt. 13-42.</marc:subfield></marc:datafield><marc:datafield tag="260" ind1=" " ind2=" "><marc:subfield code="a">Cambridge, Mass.,</marc:subfield><marc:subfield code="c">1883-99.</marc:subfield></marc:datafield><marc:datafield tag="300" ind1=" " ind2=" "><marc:subfield code="c">8º &amp; 4º.</marc:subfield></marc:datafield><marc:datafield tag="490" ind1="0" ind2=" "><marc:subfield code="a">[Bulletin of the Museum of Comparative Zoölogy at Harvard College. vol. 11. no. 9.-vol. 35. no. 3. Memoirs. vol. 14. no. 1.]</marc:subfield></marc:datafield><marc:datafield tag="852" ind1="4" ind2="1"><marc:subfield code="a">British Library</marc:subfield><marc:subfield code="b">HMNTS</marc:subfield><marc:subfield code="j">Ac.1736/2.</marc:subfield></marc:datafield><marc:datafield tag="852" ind1="4" ind2="1"><marc:subfield code="a">British Library</marc:subfield><marc:subfield code="b">HMNTS</marc:subfield><marc:subfield code="j">Ac.1736/4.</marc:subfield></marc:datafield></marc:record>