
<marc:record><marc:leader>00710 am a22001933  4500</marc:leader>
<marc:controlfield tag="001">000028758</marc:controlfield>
<marc:controlfield tag="003">Uk</marc:controlfield><marc:controlfield tag="005">20091125222700.0</marc:controlfield><marc:controlfield tag="008">871006|1866|||||||    ||     ||| |||||  </marc:controlfield><marc:datafield tag="040" ind1=" " ind2=" "><marc:subfield code="a">Uk</marc:subfield><marc:subfield code="c">Uk</marc:subfield></marc:datafield><marc:datafield tag="100" ind1="1" ind2=" "><marc:subfield code="a">Agassiz, Louis,</marc:subfield><marc:subfield code="d">1807-1873.</marc:subfield></marc:datafield><marc:datafield tag="245" ind1="1" ind2="0"><marc:subfield code="a">Geological Sketches. [The preface signed: E. C. A., i.e. Elizabeth C. Agassiz. With a portrait.]</marc:subfield></marc:datafield><marc:datafield tag="260" ind1=" " ind2=" "><marc:subfield code="a">Boston :</marc:subfield><marc:subfield code="b">Ticknor &amp; Fields; J. R. Osgood,</marc:subfield><marc:subfield code="c">1866, 76.</marc:subfield></marc:datafield><marc:datafield tag="300" ind1=" " ind2=" "><marc:subfield code="a">2 vol. ;</marc:subfield><marc:subfield code="c">8º.</marc:subfield></marc:datafield><marc:datafield tag="700" ind1="1" ind2=" "><marc:subfield code="a">A., E. C.</marc:subfield></marc:datafield><marc:datafield tag="700" ind1="1" ind2=" "><marc:subfield code="a">Agassiz, Elizabeth Cabot Cary,</marc:subfield><marc:subfield code="d">1822-1907.</marc:subfield></marc:datafield><marc:datafield tag="852" ind1="4" ind2="1"><marc:subfield code="a">British Library</marc:subfield><marc:subfield code="b">HMNTS</marc:subfield><marc:subfield code="j">7108.aa.5.</marc:subfield></marc:datafield><marc:datafield tag="886" ind1="2" ind2=" "><marc:subfield code="2">blmarc</marc:subfield><marc:subfield code="a">709</marc:subfield><marc:subfield code="b">00</marc:subfield><marc:subfield code="a">A.</marc:subfield><marc:subfield code="h">E. C.</marc:subfield><marc:subfield code="p">7108.aa.5.</marc:subfield><marc:subfield code="x">0010210032</marc:subfield></marc:datafield><marc:datafield tag="886" ind1="2" ind2=" "><marc:subfield code="2">blmarc</marc:subfield><marc:subfield code="a">709</marc:subfield><marc:subfield code="b">00</marc:subfield><marc:subfield code="a">AGASSIZ</marc:subfield><marc:subfield code="h">Elizabeth Cabot</marc:subfield><marc:subfield code="p">7108.aa.5.</marc:subfield><marc:subfield code="x">0032560117</marc:subfield></marc:datafield></marc:record>