
<marc:record><marc:leader>01214cam a2200241   4500</marc:leader>
<marc:controlfield tag="001">000028769</marc:controlfield>
<marc:controlfield tag="003">Uk</marc:controlfield><marc:controlfield tag="005">20110818113617.0</marc:controlfield><marc:controlfield tag="008">871006m18421846sz     ||     000 0|lat  </marc:controlfield><marc:datafield tag="040" ind1=" " ind2=" "><marc:subfield code="a">Uk</marc:subfield><marc:subfield code="c">Uk</marc:subfield></marc:datafield><marc:datafield tag="042" ind1=" " ind2=" "><marc:subfield code="a">ukblsr</marc:subfield></marc:datafield><marc:datafield tag="100" ind1="1" ind2=" "><marc:subfield code="a">Agassiz, Louis,</marc:subfield><marc:subfield code="d">1807-1873.</marc:subfield></marc:datafield><marc:datafield tag="245" ind1="1" ind2="0"><marc:subfield code="a">Nomenclator zoologicus, continens nomina systematica generum animalium tam viventium quam fossilium :</marc:subfield><marc:subfield code="b">secundum ordinem alphabeticum disposita, adjectis auctoribus, libris, in quibus reperiuntur, anno editionis, etymologia et familiis, ad quas pertinent, in singulis classibus /</marc:subfield><marc:subfield code="c">auctore L. Agassiz ; adjuvantibus Princ. C.L. Bonaparte ..., T.a Charpentier ..., L. Imhoff ... [et al.].</marc:subfield></marc:datafield><marc:datafield tag="260" ind1=" " ind2=" "><marc:subfield code="a">Soloduri :</marc:subfield><marc:subfield code="b">Sumtibus et Typis Jent et Gassmann,</marc:subfield><marc:subfield code="c">1842-1846.</marc:subfield></marc:datafield><marc:datafield tag="300" ind1=" " ind2=" "><marc:subfield code="a">36 pts. ;</marc:subfield><marc:subfield code="c">28 cm. (4º)</marc:subfield></marc:datafield><marc:datafield tag="650" ind1=" " ind2="0"><marc:subfield code="a">Animals</marc:subfield><marc:subfield code="v">Nomenclature.</marc:subfield></marc:datafield><marc:datafield tag="700" ind1="1" ind2=" "><marc:subfield code="a">Bonaparte, Charles Lucian,</marc:subfield><marc:subfield code="d">1803-1857.</marc:subfield></marc:datafield><marc:datafield tag="700" ind1="1" ind2=" "><marc:subfield code="a">Charpentier, Toussaint von,</marc:subfield><marc:subfield code="d">1779 or 1780-1847.</marc:subfield></marc:datafield><marc:datafield tag="700" ind1="1" ind2=" "><marc:subfield code="a">Imhoff, Ludwig,</marc:subfield><marc:subfield code="d">1801-1868.</marc:subfield></marc:datafield><marc:datafield tag="852" ind1="4" ind2="1"><marc:subfield code="a">British Library</marc:subfield><marc:subfield code="b">OC</marc:subfield><marc:subfield code="j">IOL.1947.b.491</marc:subfield></marc:datafield><marc:datafield tag="852" ind1="4" ind2="1"><marc:subfield code="a">British Library</marc:subfield><marc:subfield code="b">HMNTS</marc:subfield><marc:subfield code="j">7008.dd.4.</marc:subfield></marc:datafield><marc:datafield tag="886" ind1="2" ind2=" "><marc:subfield code="2">blmarc</marc:subfield><marc:subfield code="a">709</marc:subfield><marc:subfield code="b">00</marc:subfield><marc:subfield code="a">CHARPENTIER</marc:subfield><marc:subfield code="h">Toussaint von</marc:subfield><marc:subfield code="p">7008.dd.4.</marc:subfield><marc:subfield code="x">0593330285</marc:subfield></marc:datafield><marc:datafield tag="886" ind1="2" ind2=" "><marc:subfield code="2">blmarc</marc:subfield><marc:subfield code="a">709</marc:subfield><marc:subfield code="b">00</marc:subfield><marc:subfield code="a">IMHOFF</marc:subfield><marc:subfield code="h">Ludwig</marc:subfield><marc:subfield code="p">7008.dd.4.</marc:subfield><marc:subfield code="x">1580420257</marc:subfield></marc:datafield></marc:record>