
<marc:record><marc:leader>00940 am a22001933  4500</marc:leader>
<marc:controlfield tag="001">000028778</marc:controlfield>
<marc:controlfield tag="003">Uk</marc:controlfield><marc:controlfield tag="005">20091125222700.0</marc:controlfield><marc:controlfield tag="008">871006|1829|||||||    ||     ||| |||||  </marc:controlfield><marc:datafield tag="040" ind1=" " ind2=" "><marc:subfield code="a">Uk</marc:subfield><marc:subfield code="c">Uk</marc:subfield></marc:datafield><marc:datafield tag="100" ind1="1" ind2=" "><marc:subfield code="a">Agassiz, Louis,</marc:subfield><marc:subfield code="d">1807-1873.</marc:subfield></marc:datafield><marc:datafield tag="245" ind1="1" ind2="0"><marc:subfield code="a">Selecta genera et species piscium quos in itinere per Brasiliam annis 1817-1820 ... collegit et pingendos curavit Dr. J. B. de Spix ... Digessit, descripsit et observationibus anatomicis illustravit Dr. L. Agassiz. Præfatus est et edidit itineris socius F. C. P. de Martius. F.P.</marc:subfield></marc:datafield><marc:datafield tag="260" ind1=" " ind2=" "><marc:subfield code="a">pp. 6. xvi. 138. pl. LXXII. A-G. Monachii, 1829.</marc:subfield></marc:datafield><marc:datafield tag="300" ind1=" " ind2=" "><marc:subfield code="a">fol.</marc:subfield></marc:datafield><marc:datafield tag="700" ind1="1" ind2=" "><marc:subfield code="a">Martius, Karl Friedrich Philipp von,</marc:subfield><marc:subfield code="d">1794-1868.</marc:subfield></marc:datafield><marc:datafield tag="700" ind1="1" ind2=" "><marc:subfield code="a">Spix, Johann Baptist von,</marc:subfield><marc:subfield code="d">1781-1826.</marc:subfield></marc:datafield><marc:datafield tag="852" ind1="4" ind2="1"><marc:subfield code="a">British Library</marc:subfield><marc:subfield code="b">HMNTS</marc:subfield><marc:subfield code="j">505.ff.20.</marc:subfield></marc:datafield><marc:datafield tag="886" ind1="2" ind2=" "><marc:subfield code="2">blmarc</marc:subfield><marc:subfield code="a">709</marc:subfield><marc:subfield code="b">00</marc:subfield><marc:subfield code="a">MARTIUS</marc:subfield><marc:subfield code="h">Carl Friedrich Philipp von</marc:subfield><marc:subfield code="p">505.ff.20.</marc:subfield><marc:subfield code="x">2132920311</marc:subfield></marc:datafield><marc:datafield tag="886" ind1="2" ind2=" "><marc:subfield code="2">blmarc</marc:subfield><marc:subfield code="a">709</marc:subfield><marc:subfield code="b">00</marc:subfield><marc:subfield code="a">SPIX</marc:subfield><marc:subfield code="h">Johann Baptist von</marc:subfield><marc:subfield code="p">505.ff.20.</marc:subfield><marc:subfield code="x">3101740347</marc:subfield></marc:datafield></marc:record>