
<marc:record><marc:leader>00929 am a22002053  4500</marc:leader>
<marc:controlfield tag="001">000028875</marc:controlfield>
<marc:controlfield tag="003">Uk</marc:controlfield><marc:controlfield tag="005">20091223215100.0</marc:controlfield><marc:controlfield tag="008">980706|1861|||||||    ||    |||| |||||  </marc:controlfield><marc:datafield tag="040" ind1=" " ind2=" "><marc:subfield code="a">Uk</marc:subfield><marc:subfield code="c">Uk</marc:subfield></marc:datafield><marc:datafield tag="245" ind1="1" ind2="0"><marc:subfield code="a">[Agatha's Husband. A novel. By the author of “Olive,” etc. [i.e. D. M. Mulock, afterwards Craik.]]</marc:subfield></marc:datafield><marc:datafield tag="250" ind1=" " ind2=" "><marc:subfield code="a">New edition.</marc:subfield></marc:datafield><marc:datafield tag="260" ind1=" " ind2=" "><marc:subfield code="a">London :</marc:subfield><marc:subfield code="b">C. H. Clarke,</marc:subfield><marc:subfield code="c">[1861.].</marc:subfield></marc:datafield><marc:datafield tag="300" ind1=" " ind2=" "><marc:subfield code="a">302 p. ;</marc:subfield><marc:subfield code="c">8º.</marc:subfield></marc:datafield><marc:datafield tag="490" ind1="0" ind2=" "><marc:subfield code="a">[Parlour Library. no. 235.]</marc:subfield></marc:datafield><marc:datafield tag="700" ind1="1" ind2=" "><marc:subfield code="a">Craik, Dinah Maria Mulock,</marc:subfield><marc:subfield code="d"> 1826-1887.</marc:subfield></marc:datafield><marc:datafield tag="720" ind1=" " ind2=" "><marc:subfield code="a">AGATHA</marc:subfield><marc:subfield code="e">main entry</marc:subfield></marc:datafield><marc:datafield tag="787" ind1="0" ind2=" "><marc:subfield code="t">Agatha's Husband. A novel. By the author of “Olive,” etc. [i.e. D. M. Mulock, afterwards Craik.]</marc:subfield><marc:subfield code="d">3 vol. Chapman &amp; Hall: London, 1853. 8º.</marc:subfield><marc:subfield code="w">(Uk)MP1.0000032283</marc:subfield></marc:datafield><marc:datafield tag="852" ind1="4" ind2="1"><marc:subfield code="a">British Library</marc:subfield><marc:subfield code="b">HMNTS</marc:subfield><marc:subfield code="j">12600.bbbb.</marc:subfield></marc:datafield><marc:datafield tag="886" ind1="2" ind2=" "><marc:subfield code="2">blmarc</marc:subfield><marc:subfield code="a">709</marc:subfield><marc:subfield code="b">00</marc:subfield><marc:subfield code="a">MULOCK, afterwards CRAIK</marc:subfield><marc:subfield code="h">Dinah Maria</marc:subfield><marc:subfield code="p">12626.e.16.</marc:subfield><marc:subfield code="p">12 619.f.20.(3.)</marc:subfield><marc:subfield code="p">12600.bbbb.</marc:subfield><marc:subfield code="p">12619.h.27.</marc:subfield><marc:subfield code="x">2294690303</marc:subfield><marc:subfield code="p">12643.p.17.</marc:subfield><marc:subfield code="x">2294690311</marc:subfield></marc:datafield></marc:record>