
<marc:record><marc:leader>00581 am a22001333  4500</marc:leader>
<marc:controlfield tag="001">000028899</marc:controlfield>
<marc:controlfield tag="003">Uk</marc:controlfield><marc:controlfield tag="005">20091125222800.0</marc:controlfield><marc:controlfield tag="008">871006|1867|||||||    ||    |||| |||||  </marc:controlfield><marc:datafield tag="040" ind1=" " ind2=" "><marc:subfield code="a">Uk</marc:subfield><marc:subfield code="c">Uk</marc:subfield></marc:datafield><marc:datafield tag="245" ind1="1" ind2="0"><marc:subfield code="a">Histoire du règne de Tiridate et de la prédication de Saint Grégoire l'Illuminateur, traduite pour la première fois en Français ... par V. Langlois. Gr., Lat. &amp; Fr.</marc:subfield></marc:datafield><marc:datafield tag="580" ind1=" " ind2=" "><marc:subfield code="a">In : Langlois (V.) Collection des Historiens anciens et moderned de l'Arménie, etc. tom. 1. 1867. 8º.</marc:subfield></marc:datafield><marc:datafield tag="720" ind1=" " ind2=" "><marc:subfield code="a">AGATHANGELUS, Historian</marc:subfield><marc:subfield code="e">main entry</marc:subfield></marc:datafield><marc:datafield tag="852" ind1="4" ind2="1"><marc:subfield code="a">British Library</marc:subfield><marc:subfield code="b">OC</marc:subfield><marc:subfield code="j">15007.h.10.</marc:subfield></marc:datafield></marc:record>