
<marc:record><marc:leader>02048cam a2200433 a 4500</marc:leader>
<marc:controlfield tag="001">000028900</marc:controlfield>
<marc:controlfield tag="003">Uk</marc:controlfield><marc:controlfield tag="005">20080213123635.0</marc:controlfield><marc:controlfield tag="008">040502s1843    it            000 0 ita  </marc:controlfield><marc:datafield tag="040" ind1=" " ind2=" "><marc:subfield code="a">Uk</marc:subfield><marc:subfield code="b">eng</marc:subfield><marc:subfield code="c">Uk</marc:subfield></marc:datafield><marc:datafield tag="041" ind1="1" ind2=" "><marc:subfield code="a">ita</marc:subfield><marc:subfield code="h">arm</marc:subfield></marc:datafield><marc:datafield tag="100" ind1="0" ind2=" "><marc:subfield code="6">880-01</marc:subfield><marc:subfield code="a">Agatʿangeghos.</marc:subfield></marc:datafield><marc:datafield tag="240" ind1="1" ind2="0"><marc:subfield code="6">880-02</marc:subfield><marc:subfield code="a">Patmutʿiwn.</marc:subfield><marc:subfield code="l">Italian</marc:subfield></marc:datafield><marc:datafield tag="245" ind1="1" ind2="0"><marc:subfield code="a">Storia di Agatangelo :</marc:subfield><marc:subfield code="b">versione italiana, illustrata dai monaci Armeni Mechitaristi /</marc:subfield><marc:subfield code="c">riveduta quanto allo stile da N. Tommaséo.</marc:subfield></marc:datafield><marc:datafield tag="260" ind1=" " ind2=" "><marc:subfield code="a">Venezia :</marc:subfield><marc:subfield code="b">Tipografia Armena di S. Lazzaro,</marc:subfield><marc:subfield code="c">1843.</marc:subfield></marc:datafield><marc:datafield tag="300" ind1=" " ind2=" "><marc:subfield code="a">xxiii, 238 p. ;</marc:subfield><marc:subfield code="c">23 cm.</marc:subfield></marc:datafield><marc:datafield tag="490" ind1="1" ind2=" "><marc:subfield code="a">Collana degli Storici Armeni ;</marc:subfield><marc:subfield code="v">2</marc:subfield></marc:datafield><marc:datafield tag="500" ind1=" " ind2=" "><marc:subfield code="a">Appendice II. Inno alle Ripsimiane [attributed to Gomidas I., Patriarch of Armenia.] Traduzione di Luigi Carrer.-Inno a Santa Ripsima. Altro. Inno a Santo Gregorio. [The last three by Nerses IV., Patriarch of Armenia.]</marc:subfield></marc:datafield><marc:datafield tag="500" ind1=" " ind2=" "><marc:subfield code="a">Italian translation.</marc:subfield></marc:datafield><marc:datafield tag="600" ind1="0" ind2="0"><marc:subfield code="6">880-03.</marc:subfield><marc:subfield code="a">Agatʿangeghos.</marc:subfield></marc:datafield><marc:datafield tag="651" ind1=" " ind2="0"><marc:subfield code="a">Armenia</marc:subfield><marc:subfield code="x">Church history.</marc:subfield></marc:datafield><marc:datafield tag="651" ind1=" " ind2="0"><marc:subfield code="a">Armenia</marc:subfield><marc:subfield code="x">History</marc:subfield><marc:subfield code="y">Arsacid (Arshakuni) dynasty, 66-428.</marc:subfield></marc:datafield><marc:datafield tag="700" ind1="0" ind2=" "><marc:subfield code="6">880-04.</marc:subfield><marc:subfield code="a">Nersēs,</marc:subfield><marc:subfield code="c">Shnorhali, Saint,</marc:subfield><marc:subfield code="d">1102-1173</marc:subfield></marc:datafield><marc:datafield tag="700" ind1="0" ind2=" "><marc:subfield code="6">880-05</marc:subfield><marc:subfield code="a">Komitas.</marc:subfield><marc:subfield code="b">I,</marc:subfield><marc:subfield code="c">Aghtsʿetsʿi, Catholicos,</marc:subfield><marc:subfield code="d">-628.</marc:subfield></marc:datafield><marc:datafield tag="700" ind1="1" ind2=" "><marc:subfield code="a">CARRER, Luigi Arminio.</marc:subfield></marc:datafield><marc:datafield tag="700" ind1="1" ind2=" "><marc:subfield code="a">Carrer, Luigi,</marc:subfield><marc:subfield code="d">1801-1850.</marc:subfield></marc:datafield><marc:datafield tag="700" ind1="1" ind2=" "><marc:subfield code="a">Tommaseo, Niccolò,</marc:subfield><marc:subfield code="d">1802-1874.</marc:subfield></marc:datafield><marc:datafield tag="720" ind1=" " ind2=" "><marc:subfield code="a">AGATHANGELUS, Historian</marc:subfield><marc:subfield code="e">main entry</marc:subfield></marc:datafield><marc:datafield tag="720" ind1=" " ind2=" "><marc:subfield code="a">GOMIDAS I., Patriarch of Armenia</marc:subfield></marc:datafield><marc:datafield tag="720" ind1=" " ind2=" "><marc:subfield code="a">NERSES IV., Glayetsi, Patriarch of Armenia</marc:subfield></marc:datafield><marc:datafield tag="830" ind1=" " ind2="0"><marc:subfield code="a">Collana degli Storici Armeni ;</marc:subfield><marc:subfield code="v">2</marc:subfield></marc:datafield><marc:datafield tag="852" ind1="4" ind2="1"><marc:subfield code="a">British Library</marc:subfield><marc:subfield code="b">OC</marc:subfield><marc:subfield code="j">17033.a.9</marc:subfield></marc:datafield><marc:datafield tag="880" ind1="0" ind2=" "><marc:subfield code="6">100-01 /</marc:subfield><marc:subfield code="a">Ագաթանգեղոս.</marc:subfield></marc:datafield><marc:datafield tag="880" ind1="1" ind2="0"><marc:subfield code="6">240-02 /</marc:subfield><marc:subfield code="a">Պատմութիւն.</marc:subfield><marc:subfield code="l">Իտալերէն</marc:subfield></marc:datafield><marc:datafield tag="880" ind1="0" ind2="0"><marc:subfield code="6">600-03 /</marc:subfield><marc:subfield code="a">Ագաթանգեղոս.</marc:subfield></marc:datafield><marc:datafield tag="880" ind1="0" ind2=" "><marc:subfield code="6">700-04 /</marc:subfield><marc:subfield code="a">Ներսէս,</marc:subfield><marc:subfield code="c">Շնորհալի, Սուրբ,</marc:subfield><marc:subfield code="d">1102-1173.</marc:subfield></marc:datafield><marc:datafield tag="880" ind1="0" ind2=" "><marc:subfield code="6">700-05 /</marc:subfield><marc:subfield code="a">Կոմիտաս</marc:subfield><marc:subfield code="b">I,</marc:subfield><marc:subfield code="c">Աղցեցի, Կաթողիկոս,</marc:subfield><marc:subfield code="d">մ. 628.</marc:subfield></marc:datafield><marc:datafield tag="886" ind1="2" ind2=" "><marc:subfield code="2">blmarc</marc:subfield><marc:subfield code="a">709</marc:subfield><marc:subfield code="b">00</marc:subfield><marc:subfield code="a">CARRER</marc:subfield><marc:subfield code="h">Luigi Arminio</marc:subfield><marc:subfield code="p">1434.c.14.</marc:subfield><marc:subfield code="x">0544180186</marc:subfield></marc:datafield><marc:datafield tag="886" ind1="2" ind2=" "><marc:subfield code="2">blmarc</marc:subfield><marc:subfield code="a">709</marc:subfield><marc:subfield code="b">00</marc:subfield><marc:subfield code="a">GOMIDAS I., Patriarch of Armenia</marc:subfield><marc:subfield code="p">1434.c.14.</marc:subfield><marc:subfield code="x">1281400122</marc:subfield></marc:datafield></marc:record>