
<marc:record><marc:leader>01025cam a22001693  4500</marc:leader>
<marc:controlfield tag="001">000028917</marc:controlfield>
<marc:controlfield tag="003">Uk</marc:controlfield><marc:controlfield tag="005">20120224170000.0</marc:controlfield><marc:controlfield tag="008">871006|1861|||||||    ||    |||| |||||  </marc:controlfield><marc:datafield tag="040" ind1=" " ind2=" "><marc:subfield code="a">Uk</marc:subfield><marc:subfield code="c">Uk</marc:subfield></marc:datafield><marc:datafield tag="245" ind1="1" ind2="0"><marc:subfield code="a">[Ἀγαθημερου ... Ὑποτυπωσεων γεωγραφιας ἐν ἐπιτομῃ βιβλια δυο. Agathemeris ... compendiariæ geographiæ expositionum libri duo, cura &amp; interpretatione Samuelis Tennulii. Gr. &amp; Lat.]</marc:subfield></marc:datafield><marc:datafield tag="250" ind1=" " ind2=" "><marc:subfield code="a">[Another edition.]</marc:subfield></marc:datafield><marc:datafield tag="260" ind1=" " ind2=" "><marc:subfield code="c">1861.</marc:subfield></marc:datafield><marc:datafield tag="580" ind1=" " ind2=" "><marc:subfield code="a">In : Mueller (Karl) Historian and Mueller (T.) Geographi Græci minores, etc. vol. 2. 1855, etc. 8º.</marc:subfield></marc:datafield><marc:datafield tag="720" ind1=" " ind2=" "><marc:subfield code="a">AGATHEMERUS</marc:subfield><marc:subfield code="e">main entry</marc:subfield></marc:datafield><marc:datafield tag="787" ind1="0" ind2=" "><marc:subfield code="t">Ἀγαθημερου ... Ὑποτυπωσεων γεωγραφιας ἐν ἐπιτομῃ βιβλια δυο. Agathemeris ... compendiariæ geographiæ expositionum libri duo, cura &amp; interpretatione Samuelis Tennulii. Gr. &amp; Lat.</marc:subfield><marc:subfield code="d">pp. 87. Apud J. Ravensteinium: Amstelodami, 1671. 8º.</marc:subfield><marc:subfield code="w">(Uk)MP1.0000032317</marc:subfield></marc:datafield><marc:datafield tag="852" ind1="4" ind2="1"><marc:subfield code="a">British Library</marc:subfield><marc:subfield code="b">HMNTS</marc:subfield><marc:subfield code="j">011306.dd.15.</marc:subfield></marc:datafield></marc:record>