
<marc:record><marc:leader>01316cam a22001933  4500</marc:leader>
<marc:controlfield tag="001">000028921</marc:controlfield>
<marc:controlfield tag="003">Uk</marc:controlfield><marc:controlfield tag="005">20110421155500.0</marc:controlfield><marc:controlfield tag="008">980803|1828|||||||    ||    |||| |||||  </marc:controlfield><marc:datafield tag="040" ind1=" " ind2=" "><marc:subfield code="a">Uk</marc:subfield><marc:subfield code="c">Uk</marc:subfield></marc:datafield><marc:datafield tag="245" ind1="1" ind2="0"><marc:subfield code="a">[Agathiæ ... De imperio et rebus gestis Iustiniani Imperatoris libri quinque, Græcè nunquam antehac editi. Ex bibliotheca &amp; interpretatione Bonaventuræ Vulcanii, cum notis eiusdem. Accesserunt ... Agathiæ Epigrammata Græca (Latinè versa per Josephum Scaligerum.-Jani Dousæ Epigrammata versa ex Agathia.) Gr. &amp; Lat.]</marc:subfield></marc:datafield><marc:datafield tag="250" ind1=" " ind2=" "><marc:subfield code="a">[Another edition.] B. G. Niebuhrius ... Graeca recensuit, etc.</marc:subfield></marc:datafield><marc:datafield tag="260" ind1=" " ind2=" "><marc:subfield code="a">Bonnae,</marc:subfield><marc:subfield code="c">1828.</marc:subfield></marc:datafield><marc:datafield tag="300" ind1=" " ind2=" "><marc:subfield code="a">xxxvii, 419 p. ;</marc:subfield><marc:subfield code="c">8º.</marc:subfield></marc:datafield><marc:datafield tag="490" ind1="0" ind2=" "><marc:subfield code="a">[Corpus scriptorum historiae Byzantinae. pt. 1.]</marc:subfield></marc:datafield><marc:datafield tag="720" ind1=" " ind2=" "><marc:subfield code="a">Agathias,</marc:subfield><marc:subfield code="d">d. 582.</marc:subfield></marc:datafield><marc:datafield tag="787" ind1="0" ind2=" "><marc:subfield code="t">Agathiæ ... De imperio et rebus gestis Iustiniani Imperatoris libri quinque, Græcè nunquam antehac editi. Ex bibliotheca &amp; interpretatione Bonaventuræ Vulcanii, cum notis eiusdem. Accesserunt ... Agathiæ Epigrammata Græca (Latinè versa per Josephum Scaligerum.-Jani Dousæ Epigrammata versa ex Agathia.) Gr. &amp; Lat.</marc:subfield><marc:subfield code="d">3 pt. Ex officina Plantiniana: Lugduni Batavorum, 1594. 4º.</marc:subfield><marc:subfield code="w">(Uk)MP1.0000032320</marc:subfield></marc:datafield><marc:datafield tag="852" ind1="4" ind2="1"><marc:subfield code="a">British Library</marc:subfield><marc:subfield code="b">HMNTS</marc:subfield><marc:subfield code="j">MSS888.008 (1)</marc:subfield></marc:datafield><marc:datafield tag="852" ind1="4" ind2="1"><marc:subfield code="a">British Library</marc:subfield><marc:subfield code="b">HMNTS</marc:subfield><marc:subfield code="j">2071.f.1.</marc:subfield><marc:subfield code="3">Superseded by MSS888.008 (1)</marc:subfield></marc:datafield></marc:record>