
<marc:record><marc:leader>01187cam a22001693  4500</marc:leader>
<marc:controlfield tag="001">000028922</marc:controlfield>
<marc:controlfield tag="003">Uk</marc:controlfield><marc:controlfield tag="005">20120224170000.0</marc:controlfield><marc:controlfield tag="008">980803|1860|||||||    ||    |||| |||||  </marc:controlfield><marc:datafield tag="040" ind1=" " ind2=" "><marc:subfield code="a">Uk</marc:subfield><marc:subfield code="c">Uk</marc:subfield></marc:datafield><marc:datafield tag="245" ind1="1" ind2="0"><marc:subfield code="a">[Agathiæ ... De imperio et rebus gestis Iustiniani Imperatoris libri quinque, Græcè nunquam antehac editi. Ex bibliotheca &amp; interpretatione Bonaventuræ Vulcanii, cum notis eiusdem. Accesserunt ... Agathiæ Epigrammata Græca (Latinè versa per Josephum Scaligerum.-Jani Dousæ Epigrammata versa ex Agathia.) Gr. &amp; Lat.]</marc:subfield></marc:datafield><marc:datafield tag="250" ind1=" " ind2=" "><marc:subfield code="a">[Another edition.]</marc:subfield></marc:datafield><marc:datafield tag="260" ind1=" " ind2=" "><marc:subfield code="c">1860.</marc:subfield></marc:datafield><marc:datafield tag="580" ind1=" " ind2=" "><marc:subfield code="a">In: Migne (J. P.) Patrologiæ cursus completus ... Series Græca. tom. 88. 1857, etc. 4º.</marc:subfield></marc:datafield><marc:datafield tag="720" ind1=" " ind2=" "><marc:subfield code="a">Agathias,</marc:subfield><marc:subfield code="d">d. 582.</marc:subfield></marc:datafield><marc:datafield tag="787" ind1="0" ind2=" "><marc:subfield code="t">Agathiæ ... De imperio et rebus gestis Iustiniani Imperatoris libri quinque, Græcè nunquam antehac editi. Ex bibliotheca &amp; interpretatione Bonaventuræ Vulcanii, cum notis eiusdem. Accesserunt ... Agathiæ Epigrammata Græca (Latinè versa per Josephum Scaligerum.-Jani Dousæ Epigrammata versa ex Agathia.) Gr. &amp; Lat.</marc:subfield><marc:subfield code="d">3 pt. Ex officina Plantiniana: Lugduni Batavorum, 1594. 4º.</marc:subfield><marc:subfield code="w">(Uk)MP1.0000032320</marc:subfield></marc:datafield><marc:datafield tag="852" ind1="1" ind2="1"><marc:subfield code="a">British Library</marc:subfield><marc:subfield code="b">HMNTS</marc:subfield><marc:subfield code="c">SPHOA</marc:subfield><marc:subfield code="k">HLR</marc:subfield><marc:subfield code="h">270</marc:subfield></marc:datafield></marc:record>