
<marc:record><marc:leader>00703 am a22001573  4500</marc:leader>
<marc:controlfield tag="001">000028934</marc:controlfield>
<marc:controlfield tag="003">Uk</marc:controlfield><marc:controlfield tag="005">20091125222800.0</marc:controlfield><marc:controlfield tag="008">871006|1854|||||||    ||    |||| |||||  </marc:controlfield><marc:datafield tag="040" ind1=" " ind2=" "><marc:subfield code="a">Uk</marc:subfield><marc:subfield code="c">Uk</marc:subfield></marc:datafield><marc:datafield tag="245" ind1="1" ind2="0"><marc:subfield code="a">[Ex Agathiæ Historia a fine Procopij ad Gothos pertinentia, Hugone Grotio interprete.]</marc:subfield></marc:datafield><marc:datafield tag="250" ind1=" " ind2=" "><marc:subfield code="a">[Another edition.]</marc:subfield></marc:datafield><marc:datafield tag="580" ind1=" " ind2=" "><marc:subfield code="a">In : Procopius, of Caesarea. Procopii Caesarensis historiarum ... libri quatuor, etc. 1854. 8º.</marc:subfield></marc:datafield><marc:datafield tag="720" ind1=" " ind2=" "><marc:subfield code="a">Agathias,</marc:subfield><marc:subfield code="d">d. 582.</marc:subfield></marc:datafield><marc:datafield tag="787" ind1="0" ind2=" "><marc:subfield code="t">Ex Agathiæ Historia a fine Procopij ad Gothos pertinentia, Hugone Grotio interprete.</marc:subfield><marc:subfield code="n">In Groot (H. de) [Historia Gothorum.] Historia Gotthorum, etc. 1655. 8º.</marc:subfield><marc:subfield code="w">(Uk)MP1.0000032327</marc:subfield></marc:datafield><marc:datafield tag="852" ind1="4" ind2="1"><marc:subfield code="a">British Library</marc:subfield><marc:subfield code="b">HMNTS</marc:subfield><marc:subfield code="j">9040.c.34.</marc:subfield></marc:datafield></marc:record>