
<marc:record><marc:leader>00487 am a22001453  4500</marc:leader>
<marc:controlfield tag="001">000028935</marc:controlfield>
<marc:controlfield tag="003">Uk</marc:controlfield><marc:controlfield tag="005">20091223215100.0</marc:controlfield><marc:controlfield tag="008">871006|1885|||||||    ||    |||| |||||  </marc:controlfield><marc:datafield tag="040" ind1=" " ind2=" "><marc:subfield code="a">Uk</marc:subfield><marc:subfield code="c">Uk</marc:subfield></marc:datafield><marc:datafield tag="245" ind1="1" ind2="0"><marc:subfield code="a">Auszüge aus Agathias' Historien.</marc:subfield></marc:datafield><marc:datafield tag="490" ind1="0" ind2=" "><marc:subfield code="a">[Pertz (G. H.) Die Geschichtschreiber der deutschen Vorzeit, etc. VI. Jahrhundert. Bd. 3.]</marc:subfield></marc:datafield><marc:datafield tag="580" ind1=" " ind2=" "><marc:subfield code="a">In : Procopius, of Caesarea. Gothenkrieg, etc. 1885. 8º.</marc:subfield></marc:datafield><marc:datafield tag="720" ind1=" " ind2=" "><marc:subfield code="a">Agathias,</marc:subfield><marc:subfield code="d">d. 582.</marc:subfield></marc:datafield><marc:datafield tag="852" ind1="4" ind2="1"><marc:subfield code="a">British Library</marc:subfield><marc:subfield code="b">HMNTS</marc:subfield><marc:subfield code="j">9325.cc.15.</marc:subfield></marc:datafield></marc:record>