
<marc:record><marc:leader>01422cam a22002173  4500</marc:leader>
<marc:controlfield tag="001">000028949</marc:controlfield>
<marc:controlfield tag="003">Uk</marc:controlfield><marc:controlfield tag="005">20120224170000.0</marc:controlfield><marc:controlfield tag="008">991101|1804|||||||    ||    |||| |||||  </marc:controlfield><marc:datafield tag="040" ind1=" " ind2=" "><marc:subfield code="a">Uk</marc:subfield><marc:subfield code="c">Uk</marc:subfield></marc:datafield><marc:datafield tag="245" ind1="1" ind2="0"><marc:subfield code="a">Remarks on the Correspondence between His Majesty, the Prince of Wales, Duke of York, and Mr. Addington; in a letter [signed: Agathon] to ... H. Addington. With a supplement, containing copies of the original letters.</marc:subfield></marc:datafield><marc:datafield tag="260" ind1=" " ind2=" "><marc:subfield code="a">London :</marc:subfield><marc:subfield code="b">V. Griffiths,</marc:subfield><marc:subfield code="c">1804.</marc:subfield></marc:datafield><marc:datafield tag="300" ind1=" " ind2=" "><marc:subfield code="a">2 pt. ;</marc:subfield><marc:subfield code="c">8º.</marc:subfield></marc:datafield><marc:datafield tag="700" ind1="1" ind2=" "><marc:subfield code="a">Sidmouth, Henry Addington,</marc:subfield><marc:subfield code="c">Viscount,</marc:subfield><marc:subfield code="d">1757-1844</marc:subfield></marc:datafield><marc:datafield tag="700" ind1="0" ind2=" "><marc:subfield code="a">George</marc:subfield><marc:subfield code="b">III,</marc:subfield><marc:subfield code="c">King of Great Britain,</marc:subfield><marc:subfield code="d">1738-1820.</marc:subfield><marc:subfield code="t">The Correspondence between his Majesty, the Prince of Wales, the Duke of York, and Mr. Addington on the offer of military service made by his Royal Highness the Prince of Wales.</marc:subfield></marc:datafield><marc:datafield tag="720" ind1=" " ind2=" "><marc:subfield code="a">AGATHON, pseud.</marc:subfield><marc:subfield code="e">main entry</marc:subfield></marc:datafield><marc:datafield tag="720" ind1=" " ind2=" "><marc:subfield code="a">FREDERICK, Duke of York and Albany</marc:subfield></marc:datafield><marc:datafield tag="852" ind1="4" ind2="1"><marc:subfield code="a">British Library</marc:subfield><marc:subfield code="b">HMNTS</marc:subfield><marc:subfield code="j">8135.cc.58.(7.)</marc:subfield></marc:datafield><marc:datafield tag="886" ind1="2" ind2=" "><marc:subfield code="2">blmarc</marc:subfield><marc:subfield code="a">709</marc:subfield><marc:subfield code="b">00</marc:subfield><marc:subfield code="a">ADDINGTON</marc:subfield><marc:subfield code="h">Henry</marc:subfield><marc:subfield code="f">Viscount Sidmouth</marc:subfield><marc:subfield code="p">8135.cc.58.(7.)</marc:subfield><marc:subfield code="x">0022850058</marc:subfield></marc:datafield><marc:datafield tag="886" ind1="2" ind2=" "><marc:subfield code="2">blmarc</marc:subfield><marc:subfield code="a">709</marc:subfield><marc:subfield code="b">00</marc:subfield><marc:subfield code="a">FREDERICK, Duke of York and Albany</marc:subfield><marc:subfield code="p">8135.cc.58.(7.)</marc:subfield><marc:subfield code="x">115279017X</marc:subfield></marc:datafield><marc:datafield tag="886" ind1="2" ind2=" "><marc:subfield code="2">blmarc</marc:subfield><marc:subfield code="a">709</marc:subfield><marc:subfield code="b">00</marc:subfield><marc:subfield code="a">GEORGE III., King of Great Britain and Ireland</marc:subfield><marc:subfield code="t">The Correspondence between his Majesty, the Prince of Wales, the Duke of York, and Mr. Addington on the offer of military service made by his Royal Highness the Prince of Wales.</marc:subfield><marc:subfield code="p">8135.cc.58.(7.)</marc:subfield><marc:subfield code="x">1221650041</marc:subfield></marc:datafield></marc:record>