
<marc:record><marc:leader>01152cam a22002173  4500</marc:leader>
<marc:controlfield tag="001">000028987</marc:controlfield>
<marc:controlfield tag="003">Uk</marc:controlfield><marc:controlfield tag="005">20120420175300.0</marc:controlfield><marc:controlfield tag="008">871006|1834|||||||    ||     ||| |||||  </marc:controlfield><marc:datafield tag="040" ind1=" " ind2=" "><marc:subfield code="a">Uk</marc:subfield><marc:subfield code="c">Uk</marc:subfield></marc:datafield><marc:datafield tag="100" ind1="1" ind2=" "><marc:subfield code="a">AGAZZINI, Michele.</marc:subfield></marc:datafield><marc:datafield tag="245" ind1="1" ind2="0"><marc:subfield code="a">Sconvenevolezza delle teoriche del valore insegnate da Smith, dai professori Malthus e Say, e dagli scrittori più celebri di pubblica economia; e sunto della nuova teorica de' valori contenuta nel libro La scienza dell' economia politica. [With an appendix in answer to G. D. Romagnosi.]</marc:subfield></marc:datafield><marc:datafield tag="260" ind1=" " ind2=" "><marc:subfield code="a">Milano,</marc:subfield><marc:subfield code="c">1834, 35.</marc:subfield></marc:datafield><marc:datafield tag="300" ind1=" " ind2=" "><marc:subfield code="a">2 pt. ;</marc:subfield><marc:subfield code="c">8º.</marc:subfield></marc:datafield><marc:datafield tag="700" ind1="1" ind2=" "><marc:subfield code="a">Malthus, T. R.</marc:subfield><marc:subfield code="q">(Thomas Robert),</marc:subfield><marc:subfield code="d">1766-1834</marc:subfield><marc:subfield code="t">Appendix.</marc:subfield></marc:datafield><marc:datafield tag="700" ind1="1" ind2=" "><marc:subfield code="a">SAY, Jean Baptiste.</marc:subfield></marc:datafield><marc:datafield tag="700" ind1="1" ind2=" "><marc:subfield code="a">Smith, Adam,</marc:subfield><marc:subfield code="d">1723-1790</marc:subfield><marc:subfield code="t">[An Inquiry into the Nature and Causes of the Wealth of Nations.]</marc:subfield></marc:datafield><marc:datafield tag="852" ind1="4" ind2="1"><marc:subfield code="a">British Library</marc:subfield><marc:subfield code="b">HMNTS</marc:subfield><marc:subfield code="j">1390.d.9.</marc:subfield></marc:datafield><marc:datafield tag="886" ind1="2" ind2=" "><marc:subfield code="2">blmarc</marc:subfield><marc:subfield code="a">709</marc:subfield><marc:subfield code="b">00</marc:subfield><marc:subfield code="a">MALTHUS</marc:subfield><marc:subfield code="h">Thomas Robert</marc:subfield><marc:subfield code="t">Appendix</marc:subfield><marc:subfield code="p">1390.d.9.</marc:subfield><marc:subfield code="x">2092020072</marc:subfield></marc:datafield><marc:datafield tag="886" ind1="2" ind2=" "><marc:subfield code="2">blmarc</marc:subfield><marc:subfield code="a">709</marc:subfield><marc:subfield code="b">00</marc:subfield><marc:subfield code="a">SAY</marc:subfield><marc:subfield code="h">Jean Baptiste</marc:subfield><marc:subfield code="p">1390.d.9.</marc:subfield><marc:subfield code="x">291207018X</marc:subfield></marc:datafield><marc:datafield tag="886" ind1="2" ind2=" "><marc:subfield code="2">blmarc</marc:subfield><marc:subfield code="a">709</marc:subfield><marc:subfield code="b">00</marc:subfield><marc:subfield code="a">SMITH</marc:subfield><marc:subfield code="h">Adam</marc:subfield><marc:subfield code="f">LL.D., F.R.S.</marc:subfield><marc:subfield code="t">[An Inquiry into the Nature and Causes of the Wealth of Nations.]</marc:subfield><marc:subfield code="p">1390.d.9.</marc:subfield><marc:subfield code="x">3051430102</marc:subfield></marc:datafield></marc:record>