
<marc:record><marc:leader>00637cam a22001453  4500</marc:leader>
<marc:controlfield tag="001">000028988</marc:controlfield>
<marc:controlfield tag="003">Uk</marc:controlfield><marc:controlfield tag="005">20110311165900.0</marc:controlfield><marc:controlfield tag="008">871006|1882|||||||    ||     ||| |||||  </marc:controlfield><marc:datafield tag="040" ind1=" " ind2=" "><marc:subfield code="a">Uk</marc:subfield><marc:subfield code="c">Uk</marc:subfield></marc:datafield><marc:datafield tag="100" ind1="1" ind2=" "><marc:subfield code="a">AGAZZOTTI, Giacomo.</marc:subfield></marc:datafield><marc:datafield tag="245" ind1="1" ind2="0"><marc:subfield code="a">I. Le Chiese, consacrate al culto e destinate al pubblico uso, sono beni extra-commercium secondo il diritto pubblico e civile del Regno d'Italia. II. Quali in ispecie i diritti e gli obblighi della Congregazione di Carità di Modena sulla chiesa canonica, e arredi sacri di San Bartolomeo? Risposta.</marc:subfield></marc:datafield><marc:datafield tag="260" ind1=" " ind2=" "><marc:subfield code="a">Modena,</marc:subfield><marc:subfield code="c">1882.</marc:subfield></marc:datafield><marc:datafield tag="300" ind1=" " ind2=" "><marc:subfield code="a">57 p. ;</marc:subfield><marc:subfield code="c">8º.</marc:subfield></marc:datafield><marc:datafield tag="852" ind1="4" ind2="1"><marc:subfield code="a">British Library</marc:subfield><marc:subfield code="b">HMNTS</marc:subfield><marc:subfield code="j">3900.g.7.(2.)</marc:subfield></marc:datafield></marc:record>