
<marc:record><marc:leader>01014 am a22001933  4500</marc:leader>
<marc:controlfield tag="001">000029007</marc:controlfield>
<marc:controlfield tag="003">Uk</marc:controlfield><marc:controlfield tag="005">20091125222800.0</marc:controlfield><marc:controlfield tag="008">950214|1823|||||||    ||    |||| |||||  </marc:controlfield><marc:datafield tag="040" ind1=" " ind2=" "><marc:subfield code="a">Uk</marc:subfield><marc:subfield code="c">Uk</marc:subfield></marc:datafield><marc:datafield tag="245" ind1="1" ind2="5"><marc:subfield code="a">[The Age of Bronze; or, Carmen seculare et annus haud mirabilis. [By Lord Byron.]]</marc:subfield></marc:datafield><marc:datafield tag="250" ind1=" " ind2=" "><marc:subfield code="a">Second edition.</marc:subfield></marc:datafield><marc:datafield tag="260" ind1=" " ind2=" "><marc:subfield code="a">London :</marc:subfield><marc:subfield code="b">John Hunt,</marc:subfield><marc:subfield code="c">1823.</marc:subfield></marc:datafield><marc:datafield tag="300" ind1=" " ind2=" "><marc:subfield code="a">36 p. ;</marc:subfield><marc:subfield code="c">8º.</marc:subfield></marc:datafield><marc:datafield tag="700" ind1="1" ind2=" "><marc:subfield code="a">Byron, George Gordon Byron,</marc:subfield><marc:subfield code="c">Baron,</marc:subfield><marc:subfield code="d">1788-1824</marc:subfield><marc:subfield code="t">Single Works. The Age of Bronze.</marc:subfield></marc:datafield><marc:datafield tag="720" ind1=" " ind2=" "><marc:subfield code="a">AGE</marc:subfield><marc:subfield code="e">main entry</marc:subfield></marc:datafield><marc:datafield tag="787" ind1="0" ind2=" "><marc:subfield code="t">The Age of Bronze; or, Carmen seculare et annus haud mirabilis. [By Lord Byron.]</marc:subfield><marc:subfield code="d">pp. 36. John Hunt: London, 1823. 8º.</marc:subfield><marc:subfield code="w">(Uk)MP1.0000032410</marc:subfield></marc:datafield><marc:datafield tag="852" ind1="4" ind2="1"><marc:subfield code="a">British Library</marc:subfield><marc:subfield code="b">HMNTS</marc:subfield><marc:subfield code="j">11646.ff.21.</marc:subfield></marc:datafield><marc:datafield tag="886" ind1="2" ind2=" "><marc:subfield code="2">blmarc</marc:subfield><marc:subfield code="a">709</marc:subfield><marc:subfield code="b">00</marc:subfield><marc:subfield code="a">BYRON</marc:subfield><marc:subfield code="h">George Gordon Noel</marc:subfield><marc:subfield code="f">Baron Byron</marc:subfield><marc:subfield code="t">Single Works</marc:subfield><marc:subfield code="t">The Age of Bronze</marc:subfield><marc:subfield code="p">Ashley2704.</marc:subfield><marc:subfield code="x">0494840153</marc:subfield><marc:subfield code="p">Ashley5456*.</marc:subfield><marc:subfield code="x">0494840153</marc:subfield><marc:subfield code="p">11614.bb.7.(3.)</marc:subfield><marc:subfield code="x">0494840153</marc:subfield><marc:subfield code="p">11643.bbb.17.(6.)</marc:subfield><marc:subfield code="x">0494840153</marc:subfield><marc:subfield code="p">11643.bbb.18.(1.)</marc:subfield><marc:subfield code="x">0494840153</marc:subfield><marc:subfield code="p">11646.ff.21.</marc:subfield><marc:subfield code="x">0494840153</marc:subfield><marc:subfield code="p">11658.g.163.(1.)</marc:subfield><marc:subfield code="x">0494840153</marc:subfield></marc:datafield></marc:record>