
<marc:record><marc:leader>00741cam a22001813  4500</marc:leader>
<marc:controlfield tag="001">000029031</marc:controlfield>
<marc:controlfield tag="003">Uk</marc:controlfield><marc:controlfield tag="005">20101223154200.0</marc:controlfield><marc:controlfield tag="008">950214|1827|||||||    ||    |||| ||eng  </marc:controlfield><marc:datafield tag="040" ind1=" " ind2=" "><marc:subfield code="a">Uk</marc:subfield><marc:subfield code="c">Uk</marc:subfield></marc:datafield><marc:datafield tag="245" ind1="1" ind2="4"><marc:subfield code="a">The Age Reviewed: a satire. [In verse. By Robert Montgomery.]</marc:subfield></marc:datafield><marc:datafield tag="260" ind1=" " ind2=" "><marc:subfield code="a">London :</marc:subfield><marc:subfield code="b">William Carpenter,</marc:subfield><marc:subfield code="c">1827.</marc:subfield></marc:datafield><marc:datafield tag="300" ind1=" " ind2=" "><marc:subfield code="a">339 p. ;</marc:subfield><marc:subfield code="c">8º.</marc:subfield></marc:datafield><marc:datafield tag="700" ind1="1" ind2=" "><marc:subfield code="a">MONTGOMERY, Robert,</marc:subfield><marc:subfield code="c">Author of “Satan.”.</marc:subfield></marc:datafield><marc:datafield tag="720" ind1=" " ind2=" "><marc:subfield code="a">AGE</marc:subfield><marc:subfield code="e">main entry</marc:subfield></marc:datafield><marc:datafield tag="775" ind1="0" ind2=" "><marc:subfield code="t">[The Age Reviewed: a satire. [In verse. By Robert Montgomery.]]</marc:subfield><marc:subfield code="d">pp. 339. W. C. Wright: London, 1828. 8º.</marc:subfield><marc:subfield code="w">(Uk)MP1.0000032434.1</marc:subfield></marc:datafield><marc:datafield tag="852" ind1="4" ind2="1"><marc:subfield code="a">British Library</marc:subfield><marc:subfield code="b">HMNTS</marc:subfield><marc:subfield code="j">992.l.33.</marc:subfield></marc:datafield><marc:datafield tag="886" ind1="2" ind2=" "><marc:subfield code="2">blmarc</marc:subfield><marc:subfield code="a">709</marc:subfield><marc:subfield code="b">00</marc:subfield><marc:subfield code="a">MONTGOMERY</marc:subfield><marc:subfield code="h">Robert</marc:subfield><marc:subfield code="f">Author of “Satan.”</marc:subfield><marc:subfield code="p">11642.g.36.</marc:subfield><marc:subfield code="x">2252950234</marc:subfield><marc:subfield code="p">992.l.33.</marc:subfield><marc:subfield code="x">2252950234</marc:subfield></marc:datafield></marc:record>