
<marc:record><marc:leader>00382cam a22001453  4500</marc:leader>
<marc:controlfield tag="001">000029047</marc:controlfield>
<marc:controlfield tag="003">Uk</marc:controlfield><marc:controlfield tag="005">20110311165900.0</marc:controlfield><marc:controlfield tag="008">871006|1868|||||||    ||     ||| |||||  </marc:controlfield><marc:datafield tag="040" ind1=" " ind2=" "><marc:subfield code="a">Uk</marc:subfield><marc:subfield code="c">Uk</marc:subfield></marc:datafield><marc:datafield tag="100" ind1="0" ind2=" "><marc:subfield code="a">AGE,</marc:subfield><marc:subfield code="c">of Stockholm.</marc:subfield></marc:datafield><marc:datafield tag="245" ind1="1" ind2="0"><marc:subfield code="a">Brutus. Sorgespel i fem akter. [In verse.]</marc:subfield></marc:datafield><marc:datafield tag="260" ind1=" " ind2=" "><marc:subfield code="a">Stockholm,</marc:subfield><marc:subfield code="c">1868.</marc:subfield></marc:datafield><marc:datafield tag="300" ind1=" " ind2=" "><marc:subfield code="a">104 p. ;</marc:subfield><marc:subfield code="c">12º.</marc:subfield></marc:datafield><marc:datafield tag="852" ind1="4" ind2="1"><marc:subfield code="a">British Library</marc:subfield><marc:subfield code="b">HMNTS</marc:subfield><marc:subfield code="j">11754.aaa.2.</marc:subfield></marc:datafield></marc:record>