
<marc:record><marc:leader>00869cam a22001693  4500</marc:leader>
<marc:controlfield tag="001">000029125</marc:controlfield>
<marc:controlfield tag="003">Uk</marc:controlfield><marc:controlfield tag="005">20110421155500.0</marc:controlfield><marc:controlfield tag="008">871006|1889|||||||    ||     ||| |||||  </marc:controlfield><marc:datafield tag="040" ind1=" " ind2=" "><marc:subfield code="a">Uk</marc:subfield><marc:subfield code="c">Uk</marc:subfield></marc:datafield><marc:datafield tag="110" ind1="2" ind2=" "><marc:subfield code="a">Archives départementales de Lot-et-Garonne (AGEN)</marc:subfield></marc:datafield><marc:datafield tag="245" ind1="1" ind2="0"><marc:subfield code="a">Catalogue des travaux personnels, dossiers généalogiques, autographes, pièces diverses, et bibliothèque de Madame la comtesse de Raymond légués en majeure partie aux Archives départementales de Lot-et-Garonne, où ils forment le fonds de Raymond. Par G. Tholin. [With memoirs of the Countess de Raymond.]</marc:subfield></marc:datafield><marc:datafield tag="260" ind1=" " ind2=" "><marc:subfield code="a">Agen,</marc:subfield><marc:subfield code="c">1889.</marc:subfield></marc:datafield><marc:datafield tag="300" ind1=" " ind2=" "><marc:subfield code="a">xxxix, 316 p. ;</marc:subfield><marc:subfield code="c">8º.</marc:subfield></marc:datafield><marc:datafield tag="700" ind1="1" ind2=" "><marc:subfield code="a">RAYMOND, Marie Françoise Henriette de,</marc:subfield><marc:subfield code="c">Countess.</marc:subfield></marc:datafield><marc:datafield tag="852" ind1="4" ind2="1"><marc:subfield code="a">British Library</marc:subfield><marc:subfield code="b">HMNTS</marc:subfield><marc:subfield code="j">011902.k.41.</marc:subfield></marc:datafield><marc:datafield tag="886" ind1="2" ind2=" "><marc:subfield code="2">blmarc</marc:subfield><marc:subfield code="a">709</marc:subfield><marc:subfield code="b">00</marc:subfield><marc:subfield code="a">RAYMOND</marc:subfield><marc:subfield code="h">Marie Françoise Henriette de</marc:subfield><marc:subfield code="f">Countess</marc:subfield><marc:subfield code="p">011902.k.41.</marc:subfield><marc:subfield code="x">2712380061</marc:subfield></marc:datafield></marc:record>