
<marc:record><marc:leader>00725 am a22001813  4500</marc:leader>
<marc:controlfield tag="001">000029153</marc:controlfield>
<marc:controlfield tag="003">Uk</marc:controlfield><marc:controlfield tag="005">20091125222800.0</marc:controlfield><marc:controlfield tag="008">871006|1879|||||||    ||     ||| |||||  </marc:controlfield><marc:datafield tag="040" ind1=" " ind2=" "><marc:subfield code="a">Uk</marc:subfield><marc:subfield code="c">Uk</marc:subfield></marc:datafield><marc:datafield tag="100" ind1="1" ind2=" "><marc:subfield code="a">AGENO, Francesco d'.</marc:subfield></marc:datafield><marc:datafield tag="245" ind1="1" ind2="0"><marc:subfield code="a">I Casi della guerra per l'indipendenza d'America narrati dall' ambasciatore della Republica di Genova presso la Corte d'Inghilterra [i.e. F. d'Ageno] nella sua corrispondenza ufficiale inedita. Per G. Colucci.</marc:subfield></marc:datafield><marc:datafield tag="260" ind1=" " ind2=" "><marc:subfield code="a">Genova,</marc:subfield><marc:subfield code="c">1879.</marc:subfield></marc:datafield><marc:datafield tag="300" ind1=" " ind2=" "><marc:subfield code="a">2 vol. ;</marc:subfield><marc:subfield code="c">8º.</marc:subfield></marc:datafield><marc:datafield tag="500" ind1=" " ind2=" "><marc:subfield code="a">Vol. 1 is in two parts.</marc:subfield></marc:datafield><marc:datafield tag="700" ind1="1" ind2=" "><marc:subfield code="a">COLUCCI, Giuseppe,</marc:subfield><marc:subfield code="c">of Palermo.</marc:subfield></marc:datafield><marc:datafield tag="852" ind1="4" ind2="1"><marc:subfield code="a">British Library</marc:subfield><marc:subfield code="b">HMNTS</marc:subfield><marc:subfield code="j">09605.aaa.22.</marc:subfield></marc:datafield><marc:datafield tag="886" ind1="2" ind2=" "><marc:subfield code="2">blmarc</marc:subfield><marc:subfield code="a">709</marc:subfield><marc:subfield code="b">00</marc:subfield><marc:subfield code="a">COLUCCI</marc:subfield><marc:subfield code="h">Giuseppe</marc:subfield><marc:subfield code="f">of Palermo</marc:subfield><marc:subfield code="p">09605.aaa.22.</marc:subfield><marc:subfield code="x">0665070047</marc:subfield></marc:datafield></marc:record>