
<marc:record><marc:leader>00844cam a22001933  4500</marc:leader>
<marc:controlfield tag="001">000029166</marc:controlfield>
<marc:controlfield tag="003">Uk</marc:controlfield><marc:controlfield tag="005">20111222151700.0</marc:controlfield><marc:controlfield tag="008">871006|1830|||||||    ||    |||| |||||  </marc:controlfield><marc:datafield tag="040" ind1=" " ind2=" "><marc:subfield code="a">Uk</marc:subfield><marc:subfield code="c">Uk</marc:subfield></marc:datafield><marc:datafield tag="245" ind1="1" ind2="0"><marc:subfield code="a">[Saynete, intitulado: El Agente de sus negocios, etc. [In verse. By R. F. de la Cruz Cano y Olmedilla.]]</marc:subfield></marc:datafield><marc:datafield tag="250" ind1=" " ind2=" "><marc:subfield code="a">[Another edition.]</marc:subfield></marc:datafield><marc:datafield tag="260" ind1=" " ind2=" "><marc:subfield code="a">Barceloa,</marc:subfield><marc:subfield code="c">[1830?]</marc:subfield></marc:datafield><marc:datafield tag="300" ind1=" " ind2=" "><marc:subfield code="a">8 p. ;</marc:subfield><marc:subfield code="c">4º.</marc:subfield></marc:datafield><marc:datafield tag="700" ind1="1" ind2=" "><marc:subfield code="a">CRUZ CANO Y OLMEDILLA, Ramón Francisco de la.</marc:subfield></marc:datafield><marc:datafield tag="720" ind1=" " ind2=" "><marc:subfield code="a">AGENTE</marc:subfield><marc:subfield code="e">main entry</marc:subfield></marc:datafield><marc:datafield tag="787" ind1="0" ind2=" "><marc:subfield code="t">Saynete, intitulado: El Agente de sus negocios, etc. [In verse. By R. F. de la Cruz Cano y Olmedilla.]</marc:subfield><marc:subfield code="d">pp. 8. Madrid, 1791. 4º.</marc:subfield><marc:subfield code="w">(Uk)MP1.0000032637</marc:subfield></marc:datafield><marc:datafield tag="852" ind1="4" ind2="1"><marc:subfield code="a">British Library</marc:subfield><marc:subfield code="b">HMNTS</marc:subfield><marc:subfield code="j">11726.g.5.(7.)</marc:subfield></marc:datafield><marc:datafield tag="886" ind1="2" ind2=" "><marc:subfield code="2">blmarc</marc:subfield><marc:subfield code="a">709</marc:subfield><marc:subfield code="b">00</marc:subfield><marc:subfield code="a">CRUZ CANO Y OLMEDILLA</marc:subfield><marc:subfield code="h">Ramón Francisco de la</marc:subfield><marc:subfield code="p">11726.g.5.(1.)</marc:subfield><marc:subfield code="x">0734320140</marc:subfield><marc:subfield code="p">11726.g.5.(7.)</marc:subfield><marc:subfield code="x">0734320140</marc:subfield></marc:datafield></marc:record>