
<marc:record><marc:leader>00584cam a22001693  4500</marc:leader>
<marc:controlfield tag="001">000029285</marc:controlfield>
<marc:controlfield tag="003">Uk</marc:controlfield><marc:controlfield tag="005">20130503191800.0</marc:controlfield><marc:controlfield tag="008">871006|1876||||enk    ||    |||| |||||  </marc:controlfield><marc:datafield tag="040" ind1=" " ind2=" "><marc:subfield code="a">Uk</marc:subfield><marc:subfield code="c">Uk</marc:subfield></marc:datafield><marc:datafield tag="245" ind1="1" ind2="0"><marc:subfield code="a">Through the Ages. A psychological romance. By the author of “The Honeymoon” [i.e. the Duke de Medina Pomar].</marc:subfield></marc:datafield><marc:datafield tag="260" ind1=" " ind2=" "><marc:subfield code="a">London :</marc:subfield><marc:subfield code="b">Chapman &amp; Hall,</marc:subfield><marc:subfield code="c">1876.</marc:subfield></marc:datafield><marc:datafield tag="300" ind1=" " ind2=" "><marc:subfield code="a">3 vol. ;</marc:subfield><marc:subfield code="c">8º.</marc:subfield></marc:datafield><marc:datafield tag="700" ind1="1" ind2=" "><marc:subfield code="a">MEDINA-POMAR, de,</marc:subfield><marc:subfield code="c">Duke.</marc:subfield></marc:datafield><marc:datafield tag="720" ind1=" " ind2=" "><marc:subfield code="a">AGES</marc:subfield><marc:subfield code="e">main entry</marc:subfield></marc:datafield><marc:datafield tag="852" ind1="4" ind2="1"><marc:subfield code="a">British Library</marc:subfield><marc:subfield code="b">HMNTS</marc:subfield><marc:subfield code="j">12636.dd.5.</marc:subfield></marc:datafield><marc:datafield tag="886" ind1="2" ind2=" "><marc:subfield code="2">blmarc</marc:subfield><marc:subfield code="a">709</marc:subfield><marc:subfield code="b">00</marc:subfield><marc:subfield code="a">MEDINA-POMAR</marc:subfield><marc:subfield code="h">de</marc:subfield><marc:subfield code="f">Duke</marc:subfield><marc:subfield code="p">12636.dd.5.</marc:subfield><marc:subfield code="x">2170810307</marc:subfield></marc:datafield></marc:record>