
<marc:record><marc:leader>01379cam a22001933  4500</marc:leader>
<marc:controlfield tag="001">000029327</marc:controlfield>
<marc:controlfield tag="003">Uk</marc:controlfield><marc:controlfield tag="005">20090430103351.0</marc:controlfield><marc:controlfield tag="008">980715|1813|||||||    ||    o||| ||eng  </marc:controlfield><marc:datafield tag="040" ind1=" " ind2=" "><marc:subfield code="a">Uk</marc:subfield><marc:subfield code="c">Uk</marc:subfield></marc:datafield><marc:datafield tag="100" ind1="1" ind2=" "><marc:subfield code="a">AGG, John.</marc:subfield></marc:datafield><marc:datafield tag="245" ind1="1" ind2="4"><marc:subfield code="a">The Book itself; or, Secret Memoirs of an illustrious princess [i.e. Caroline, Queen Consort of George IV.], interspersed with singular anecdotes of those personages connected with the Court of Alb[ion] ... Abridged from Mr. Agg's new work, “The Book discovered.” (Third edition.).</marc:subfield></marc:datafield><marc:datafield tag="260" ind1=" " ind2=" "><marc:subfield code="a">London :</marc:subfield><marc:subfield code="b">Printed for the Editor,</marc:subfield><marc:subfield code="c">1813.</marc:subfield></marc:datafield><marc:datafield tag="300" ind1=" " ind2=" "><marc:subfield code="a">28 p. ;</marc:subfield><marc:subfield code="c">8º.</marc:subfield></marc:datafield><marc:datafield tag="700" ind1="0" ind2=" "><marc:subfield code="a">Caroline,</marc:subfield><marc:subfield code="c">Queen, consort of George IV, King of Great Britain,</marc:subfield><marc:subfield code="d">1768-1821.</marc:subfield><marc:subfield code="t">Appendix. Biography. II. Separate Events. 1806, 1807. “The Delicate Investigation” and “The Book.”</marc:subfield></marc:datafield><marc:datafield tag="710" ind1="1" ind2=" "><marc:subfield code="a">Great Britain.</marc:subfield><marc:subfield code="b">Commissioners appointed to inquire into the conduct of Caroline, Princess of Wales.</marc:subfield></marc:datafield><marc:datafield tag="852" ind1="4" ind2="1"><marc:subfield code="a">British Library</marc:subfield><marc:subfield code="b">HMNTS</marc:subfield><marc:subfield code="j">1245.a.12.</marc:subfield></marc:datafield><marc:datafield tag="886" ind1="2" ind2=" "><marc:subfield code="2">blmarc</marc:subfield><marc:subfield code="a">709</marc:subfield><marc:subfield code="b">00</marc:subfield><marc:subfield code="a">CAROLINE, Queen Consort of George IV., King of Great Britain and Ireland</marc:subfield><marc:subfield code="t">Appendix</marc:subfield><marc:subfield code="t">Biography</marc:subfield><marc:subfield code="t">II. Separate Events</marc:subfield><marc:subfield code="t">1806, 1807</marc:subfield><marc:subfield code="t">“The Delicate Investigation” and “The Book.”</marc:subfield><marc:subfield code="p">1245.a.12.</marc:subfield><marc:subfield code="x">0542460300</marc:subfield></marc:datafield><marc:datafield tag="886" ind1="2" ind2=" "><marc:subfield code="2">blmarc</marc:subfield><marc:subfield code="a">709</marc:subfield><marc:subfield code="b">00</marc:subfield><marc:subfield code="a">ENGLAND</marc:subfield><marc:subfield code="d">Departments of State and Official Bodies</marc:subfield><marc:subfield code="d">Commissioners appointed to inquire into the conduct of Caroline, Princess of Wales</marc:subfield><marc:subfield code="p">1245.a.12.</marc:subfield><marc:subfield code="x">0972910042</marc:subfield></marc:datafield></marc:record>