
<marc:record><marc:leader>00782 am a22001453  4500</marc:leader>
<marc:controlfield tag="001">000029361</marc:controlfield>
<marc:controlfield tag="003">Uk</marc:controlfield><marc:controlfield tag="005">20091125222800.0</marc:controlfield><marc:controlfield tag="008">871006|1897|||||||    ||     ||| |||||  </marc:controlfield><marc:datafield tag="040" ind1=" " ind2=" "><marc:subfield code="a">Uk</marc:subfield><marc:subfield code="c">Uk</marc:subfield></marc:datafield><marc:datafield tag="100" ind1="1" ind2=" "><marc:subfield code="a">AGGEENKO, V. N.</marc:subfield></marc:datafield><marc:datafield tag="245" ind1="1" ind2="0"><marc:subfield code="a">(Флора Крыма. част. 2.) Обзоръ растительности Крыма съ топографической и флористической точки зрѣнія. Съ приложеніемъ: “Перечисленіе ложецвѣтныхъ ... отъ Ranunculaceae до Capparideae, дикорастущихъ на Таврическомъ полуостровѣ” ... Съ ... картою..</marc:subfield></marc:datafield><marc:datafield tag="260" ind1=" " ind2=" "><marc:subfield code="a">pp. cliv. 94. pl. VIII. С.-Петербургъ, 1897.</marc:subfield></marc:datafield><marc:datafield tag="300" ind1=" " ind2=" "><marc:subfield code="a">8º.</marc:subfield></marc:datafield><marc:datafield tag="852" ind1="4" ind2="1"><marc:subfield code="a">British Library</marc:subfield><marc:subfield code="b">HMNTS</marc:subfield><marc:subfield code="j">07031.k.3.</marc:subfield></marc:datafield></marc:record>