
<marc:record><marc:leader>00714cam a22001693  4500</marc:leader>
<marc:controlfield tag="001">000029435</marc:controlfield>
<marc:controlfield tag="003">Uk</marc:controlfield><marc:controlfield tag="005">20111222151700.0</marc:controlfield><marc:controlfield tag="008">871006|1892|||||||    ||    |||| |||||  </marc:controlfield><marc:datafield tag="040" ind1=" " ind2=" "><marc:subfield code="a">Uk</marc:subfield><marc:subfield code="c">Uk</marc:subfield></marc:datafield><marc:datafield tag="245" ind1="1" ind2="0"><marc:subfield code="a">Die Indarsabhā des A̡mānat. Neuindisches Singspiel in lithographischem Originaltext. Mit Übersetzung und Erklärungen, sowie einer Einleitung über das hindustanische Drama, von F. Rosen.</marc:subfield></marc:datafield><marc:datafield tag="260" ind1=" " ind2=" "><marc:subfield code="a">Leipzig,</marc:subfield><marc:subfield code="c">1892.</marc:subfield></marc:datafield><marc:datafield tag="300" ind1=" " ind2=" "><marc:subfield code="a">2 pt. ;</marc:subfield><marc:subfield code="c">8º.</marc:subfield></marc:datafield><marc:datafield tag="700" ind1="1" ind2=" "><marc:subfield code="a">ROSEN, Friedrich,</marc:subfield><marc:subfield code="c">German Foreign Minister.</marc:subfield></marc:datafield><marc:datafield tag="720" ind1=" " ind2=" "><marc:subfield code="a">ĀGHĀ ḢASAN, called Amānat</marc:subfield><marc:subfield code="e">main entry</marc:subfield></marc:datafield><marc:datafield tag="852" ind1="4" ind2="1"><marc:subfield code="a">British Library</marc:subfield><marc:subfield code="b">OC</marc:subfield><marc:subfield code="j">14114.b.54.</marc:subfield></marc:datafield><marc:datafield tag="886" ind1="2" ind2=" "><marc:subfield code="2">blmarc</marc:subfield><marc:subfield code="a">709</marc:subfield><marc:subfield code="b">00</marc:subfield><marc:subfield code="a">ROSEN</marc:subfield><marc:subfield code="h">Friedrich</marc:subfield><marc:subfield code="f">German Foreign Minister</marc:subfield><marc:subfield code="p">14114.b.54.</marc:subfield><marc:subfield code="x">2812640073</marc:subfield></marc:datafield></marc:record>