
<marc:record><marc:leader>01367cam a2200289 a 4500</marc:leader>
<marc:controlfield tag="001">000029438</marc:controlfield>
<marc:controlfield tag="003">Uk</marc:controlfield><marc:controlfield tag="005">20071101140020.0</marc:controlfield><marc:controlfield tag="008">040502s1897    fr abcf       000 0 fre  </marc:controlfield><marc:datafield tag="040" ind1=" " ind2=" "><marc:subfield code="a">Uk</marc:subfield><marc:subfield code="b">eng</marc:subfield><marc:subfield code="c">Uk</marc:subfield></marc:datafield><marc:datafield tag="041" ind1="1" ind2=" "><marc:subfield code="a">fre</marc:subfield><marc:subfield code="h">arm</marc:subfield></marc:datafield><marc:datafield tag="100" ind1="0" ind2=" "><marc:subfield code="6">880-01</marc:subfield><marc:subfield code="a">Aghasi,</marc:subfield><marc:subfield code="d">1871-1937</marc:subfield></marc:datafield><marc:datafield tag="245" ind1="1" ind2="0"><marc:subfield code="a">Zeïtoun depuis les origines jusqu'à l'insurrection de 1895 :</marc:subfield><marc:subfield code="b">avec une carte, des reproductions de dessins et de photographies /</marc:subfield><marc:subfield code="c">Aghassi ; traduction d'Archag Tchobanian ; préface par Victor Bérard.</marc:subfield></marc:datafield><marc:datafield tag="260" ind1=" " ind2=" "><marc:subfield code="a">Paris :</marc:subfield><marc:subfield code="b">Ed. du Mercure de France,</marc:subfield><marc:subfield code="c">1897.</marc:subfield></marc:datafield><marc:datafield tag="300" ind1=" " ind2=" "><marc:subfield code="a">318 p., [1] folded leaf of plates :</marc:subfield><marc:subfield code="b">ill., 1 map, ports. ;</marc:subfield><marc:subfield code="c">19 cm.</marc:subfield></marc:datafield><marc:datafield tag="500" ind1=" " ind2=" "><marc:subfield code="a">Translated into French from Armenian.</marc:subfield></marc:datafield><marc:datafield tag="650" ind1=" " ind2="0"><marc:subfield code="a">Armenian massacres, 1894-1896.</marc:subfield></marc:datafield><marc:datafield tag="650" ind1=" " ind2="0"><marc:subfield code="a">Armenians</marc:subfield><marc:subfield code="z">Turkey</marc:subfield><marc:subfield code="z">Zeytun</marc:subfield><marc:subfield code="x">History</marc:subfield><marc:subfield code="y">19th century.</marc:subfield></marc:datafield><marc:datafield tag="651" ind1=" " ind2="0"><marc:subfield code="a">Zeytun (Turkey)</marc:subfield><marc:subfield code="x">History</marc:subfield><marc:subfield code="y">19th century.</marc:subfield></marc:datafield><marc:datafield tag="700" ind1="1" ind2=" "><marc:subfield code="6">880-02</marc:subfield><marc:subfield code="a">Chʿopanyan, Arshak,</marc:subfield><marc:subfield code="d">1872-1954</marc:subfield></marc:datafield><marc:datafield tag="700" ind1="1" ind2=" "><marc:subfield code="a">Bérard, Victor,</marc:subfield><marc:subfield code="d">1864-1931.</marc:subfield></marc:datafield><marc:datafield tag="720" ind1=" " ind2=" "><marc:subfield code="6">880-03</marc:subfield><marc:subfield code="a">AGHASI, pseud. [i.e. Karapet Tēr-Sargsean]</marc:subfield><marc:subfield code="e">main entry</marc:subfield></marc:datafield><marc:datafield tag="852" ind1="4" ind2="1"><marc:subfield code="a">British Library</marc:subfield><marc:subfield code="b">OC</marc:subfield><marc:subfield code="j">17033.d.16</marc:subfield></marc:datafield><marc:datafield tag="880" ind1="0" ind2=" "><marc:subfield code="6">100-01 /</marc:subfield><marc:subfield code="a">Աղասի,</marc:subfield><marc:subfield code="d">1871-1937.</marc:subfield></marc:datafield><marc:datafield tag="880" ind1="1" ind2=" "><marc:subfield code="6">700-02 /</marc:subfield><marc:subfield code="a">Չօպանյան, Արշակ,</marc:subfield><marc:subfield code="d">1872-1954.</marc:subfield></marc:datafield><marc:datafield tag="880" ind1=" " ind2=" "><marc:subfield code="6">720-03 /</marc:subfield><marc:subfield code="a">Աղասի, ծածկանուն [այսինքն Կարապետ Տէր-Սարգսեան]</marc:subfield></marc:datafield><marc:datafield tag="886" ind1="2" ind2=" "><marc:subfield code="2">blmarc</marc:subfield><marc:subfield code="a">709</marc:subfield><marc:subfield code="b">00</marc:subfield><marc:subfield code="a">CŌPANEAN</marc:subfield><marc:subfield code="h">Arsak</marc:subfield><marc:subfield code="p">17033.d.16.</marc:subfield><marc:subfield code="x">0692490272</marc:subfield></marc:datafield></marc:record>