
<marc:record><marc:leader>00802 am a22001693  4500</marc:leader>
<marc:controlfield tag="001">000029489</marc:controlfield>
<marc:controlfield tag="003">Uk</marc:controlfield><marc:controlfield tag="005">20091125222800.0</marc:controlfield><marc:controlfield tag="008">871006|1892|||||||    ||     ||| |||||  </marc:controlfield><marc:datafield tag="040" ind1=" " ind2=" "><marc:subfield code="a">Uk</marc:subfield><marc:subfield code="c">Uk</marc:subfield></marc:datafield><marc:datafield tag="100" ind1="1" ind2=" "><marc:subfield code="a">AGIN, Aleksandr Aleksyeevich.</marc:subfield></marc:datafield><marc:datafield tag="245" ind1="1" ind2="0"><marc:subfield code="a">Сто четыре рисунка къ поэмѣ Н. В. Гоголя “Мертвыя души.” Рисовалъ А. Агинъ. Гравировалъ Бернардскій. Второе изданіе Д. Д. Федорова..</marc:subfield></marc:datafield><marc:datafield tag="260" ind1=" " ind2=" "><marc:subfield code="a">pl. 100. С.-Петербургъ, 1892.</marc:subfield></marc:datafield><marc:datafield tag="300" ind1=" " ind2=" "><marc:subfield code="a">fol.</marc:subfield></marc:datafield><marc:datafield tag="700" ind1="1" ind2=" "><marc:subfield code="a">Gogolʹ, Nikolaĭ Vasilʹevich,</marc:subfield><marc:subfield code="d">1809-1852.</marc:subfield><marc:subfield code="t">Single Works. Mertvye dushi.</marc:subfield></marc:datafield><marc:datafield tag="852" ind1="4" ind2="1"><marc:subfield code="a">British Library</marc:subfield><marc:subfield code="b">HMNTS</marc:subfield><marc:subfield code="j">X.902/496.</marc:subfield></marc:datafield><marc:datafield tag="886" ind1="2" ind2=" "><marc:subfield code="2">blmarc</marc:subfield><marc:subfield code="a">709</marc:subfield><marc:subfield code="b">00</marc:subfield><marc:subfield code="a">GOGOL'</marc:subfield><marc:subfield code="h">Nikolai Vasil'evich</marc:subfield><marc:subfield code="t">Single Works</marc:subfield><marc:subfield code="t">Mertvye dushi</marc:subfield><marc:subfield code="p">X.902/496.</marc:subfield><marc:subfield code="x">1272740366</marc:subfield></marc:datafield></marc:record>