
<marc:record><marc:leader>00868cam a22001813  4500</marc:leader>
<marc:controlfield tag="001">000029521</marc:controlfield>
<marc:controlfield tag="003">Uk</marc:controlfield><marc:controlfield tag="005">20120224170000.0</marc:controlfield><marc:controlfield tag="008">990716|1841|||||||    ||    |||| |||||  </marc:controlfield><marc:datafield tag="040" ind1=" " ind2=" "><marc:subfield code="a">Uk</marc:subfield><marc:subfield code="c">Uk</marc:subfield></marc:datafield><marc:datafield tag="245" ind1="1" ind2="0"><marc:subfield code="a">[Hathumodæ primæ Abbatissæ Gandersheimensis ... vita. Accedit Diaglogus elegiaco versu scriptus de obitu Hathumodæ.]</marc:subfield></marc:datafield><marc:datafield tag="250" ind1=" " ind2=" "><marc:subfield code="a">[Another edition.]</marc:subfield></marc:datafield><marc:datafield tag="260" ind1=" " ind2=" "><marc:subfield code="c">1841.</marc:subfield></marc:datafield><marc:datafield tag="580" ind1=" " ind2=" "><marc:subfield code="a">In: Pertz (G. H.) Monumenta Germaniæ historica, etc. tom. 6. 1826, etc. fol.</marc:subfield></marc:datafield><marc:datafield tag="720" ind1=" " ind2=" "><marc:subfield code="a">AGIUS, Presbyter</marc:subfield><marc:subfield code="e">main entry</marc:subfield></marc:datafield><marc:datafield tag="787" ind1="0" ind2=" "><marc:subfield code="t">Hathumodæ primæ Abbatissæ Gandersheimensis ... vita. Accedit Diaglogus elegiaco versu scriptus de obitu Hathumodæ.</marc:subfield><marc:subfield code="n">In Eckhart (J. G. von) Veterum monumentorum quaternio, etc. 1720. fol.</marc:subfield><marc:subfield code="w">(Uk)MP1.0000033040</marc:subfield></marc:datafield><marc:datafield tag="852" ind1="4" ind2="1"><marc:subfield code="a">British Library</marc:subfield><marc:subfield code="b">HMNTS</marc:subfield><marc:subfield code="j">HLL943 (MG-S5)</marc:subfield></marc:datafield><marc:datafield tag="852" ind1="4" ind2="1"><marc:subfield code="a">British Library</marc:subfield><marc:subfield code="b">HMNTS</marc:subfield><marc:subfield code="j">Circ.36.b.(1.)</marc:subfield><marc:subfield code="3">Superseded by HLL943 (MG-S5)</marc:subfield></marc:datafield></marc:record>