
<marc:record><marc:leader>00758cam a22001693  4500</marc:leader>
<marc:controlfield tag="001">000029553</marc:controlfield>
<marc:controlfield tag="003">Uk</marc:controlfield><marc:controlfield tag="005">20110311165900.0</marc:controlfield><marc:controlfield tag="008">871006|1877|||||||    ||     ||| |||||  </marc:controlfield><marc:datafield tag="040" ind1=" " ind2=" "><marc:subfield code="a">Uk</marc:subfield><marc:subfield code="c">Uk</marc:subfield></marc:datafield><marc:datafield tag="100" ind1="1" ind2=" "><marc:subfield code="a">AGLIARDI, Antonio.</marc:subfield></marc:datafield><marc:datafield tag="245" ind1="1" ind2="0"><marc:subfield code="a">“Della Società politica e religiosa rispetto al secolo decimonono” per G. Audisio ... Esame critico ... Estratto dal Periodico di Milano La Scuola Cattolica, etc.</marc:subfield></marc:datafield><marc:datafield tag="260" ind1=" " ind2=" "><marc:subfield code="a">Milano,</marc:subfield><marc:subfield code="c">1877.</marc:subfield></marc:datafield><marc:datafield tag="300" ind1=" " ind2=" "><marc:subfield code="a">63 p. ;</marc:subfield><marc:subfield code="c">8º.</marc:subfield></marc:datafield><marc:datafield tag="700" ind1="1" ind2=" "><marc:subfield code="a">AUDISIO, Guglielmo.</marc:subfield><marc:subfield code="t">Della società politica e religiosa rispetto al secolo decimonono.</marc:subfield></marc:datafield><marc:datafield tag="852" ind1="4" ind2="1"><marc:subfield code="a">British Library</marc:subfield><marc:subfield code="b">HMNTS</marc:subfield><marc:subfield code="j">8033.f.1.(10.)</marc:subfield></marc:datafield><marc:datafield tag="886" ind1="2" ind2=" "><marc:subfield code="2">blmarc</marc:subfield><marc:subfield code="a">709</marc:subfield><marc:subfield code="b">00</marc:subfield><marc:subfield code="a">AUDISIO</marc:subfield><marc:subfield code="h">Guglielmo</marc:subfield><marc:subfield code="t">Della società politica e religiosa rispetto al secolo decimonono.</marc:subfield><marc:subfield code="p">8033.f.1.(10.)</marc:subfield><marc:subfield code="x">0134050274</marc:subfield></marc:datafield></marc:record>