
<marc:record><marc:leader>00893cam a22001693  4500</marc:leader>
<marc:controlfield tag="001">000029559</marc:controlfield>
<marc:controlfield tag="003">Uk</marc:controlfield><marc:controlfield tag="005">20120224170000.0</marc:controlfield><marc:controlfield tag="008">950315|1816|||||||    ||    |||| |||||  </marc:controlfield><marc:datafield tag="040" ind1=" " ind2=" "><marc:subfield code="a">Uk</marc:subfield><marc:subfield code="c">Uk</marc:subfield></marc:datafield><marc:datafield tag="245" ind1="1" ind2="0"><marc:subfield code="a">[I Conti d'Agliate. Commedia patria in tre atti. in prosa scritta da un' erudita penna milanese, stata rappresentata la prima volta in Lorentecchio, Villa de' PP. Olivetani nell' anno 1785.]</marc:subfield></marc:datafield><marc:datafield tag="250" ind1=" " ind2=" "><marc:subfield code="a">[Another edition.]</marc:subfield></marc:datafield><marc:datafield tag="260" ind1=" " ind2=" "><marc:subfield code="c">1816.</marc:subfield></marc:datafield><marc:datafield tag="580" ind1=" " ind2=" "><marc:subfield code="a">In: Milanese Dialect. Colleione delle migliori opere in dialetto milanese. vol. 9. 1816, etc. 12º.</marc:subfield></marc:datafield><marc:datafield tag="720" ind1=" " ind2=" "><marc:subfield code="a">AGLIATE</marc:subfield><marc:subfield code="e">main entry</marc:subfield></marc:datafield><marc:datafield tag="787" ind1="0" ind2=" "><marc:subfield code="t">I Conti d'Agliate. Commedia patria in tre atti. in prosa scritta da un' erudita penna milanese, stata rappresentata la prima volta in Lorentecchio, Villa de' PP. Olivetani nell' anno 1785.</marc:subfield><marc:subfield code="d">pp. 55. Milano, [1785.] 8º.</marc:subfield><marc:subfield code="w">(Uk)MP1.0000033086</marc:subfield></marc:datafield><marc:datafield tag="852" ind1="4" ind2="1"><marc:subfield code="a">British Library</marc:subfield><marc:subfield code="b">HMNTS</marc:subfield><marc:subfield code="j">1463.a.19-22.</marc:subfield></marc:datafield></marc:record>