
<marc:record><marc:leader>01452cam a22001933  4500</marc:leader>
<marc:controlfield tag="001">000029567</marc:controlfield>
<marc:controlfield tag="003">Uk</marc:controlfield><marc:controlfield tag="005">20120213111544.0</marc:controlfield><marc:controlfield tag="008">871006|1830|||||||    ||     ||| |||||  </marc:controlfield><marc:datafield tag="040" ind1=" " ind2=" "><marc:subfield code="a">Uk</marc:subfield><marc:subfield code="c">Uk</marc:subfield></marc:datafield><marc:datafield tag="100" ind1="1" ind2=" "><marc:subfield code="a">AGLIO, Augustine.</marc:subfield></marc:datafield><marc:datafield tag="245" ind1="1" ind2="0"><marc:subfield code="a">Antiquities of Mexico;</marc:subfield><marc:subfield code="b">comprising fac-similes of ancient Mexican paintings and hieroglyphics preserved in the royal libraries of Paris, Berlin and Dresden, in the imperial library of Vienna, in the Vatican library, in the Borgian museum at Rome, in the library of the institute at Bologna, and in the Bodleian library at Oxford. Together with the Monuments of New Spain by M. Dupaix, with their respective scales of measurement, and accompanying descriptions. The whole illustrated by many valuable manuscripts, by A. Aglio. [Edited by Edward King, Viscount Kingsborough.]</marc:subfield></marc:datafield><marc:datafield tag="260" ind1=" " ind2=" "><marc:subfield code="a">London,</marc:subfield><marc:subfield code="c">1830-1848.</marc:subfield></marc:datafield><marc:datafield tag="300" ind1=" " ind2=" "><marc:subfield code="a">9 v. ;</marc:subfield><marc:subfield code="c">fol.</marc:subfield></marc:datafield><marc:datafield tag="500" ind1=" " ind2=" "><marc:subfield code="a">At the end of vol. 9, are 15 sheets paged 1-60, which were intended to form the commencement of vol. 10. No more published.</marc:subfield></marc:datafield><marc:datafield tag="700" ind1="1" ind2=" "><marc:subfield code="a">KING, Edward,</marc:subfield><marc:subfield code="c">Viscount Kingsborough.</marc:subfield></marc:datafield><marc:datafield tag="852" ind1="4" ind2="1"><marc:subfield code="a">British Library</marc:subfield><marc:subfield code="b">HMNTS</marc:subfield><marc:subfield code="j">762.i.1.</marc:subfield></marc:datafield><marc:datafield tag="852" ind1="4" ind2="1"><marc:subfield code="a">British Library</marc:subfield><marc:subfield code="b">HMNTS</marc:subfield><marc:subfield code="j">C.109.g.1.</marc:subfield><marc:subfield code="3">[Another copy.] on vellum.***Presented by the editor, Viscount Kingsborough. Vol. 1-6 and vol. 8 are on vellum with the exception of the titlepage to vol. 8 which is on paper. Vol. 7 and 9 are on large paper.</marc:subfield></marc:datafield><marc:datafield tag="886" ind1="2" ind2=" "><marc:subfield code="2">blmarc</marc:subfield><marc:subfield code="a">709</marc:subfield><marc:subfield code="b">00</marc:subfield><marc:subfield code="a">KING</marc:subfield><marc:subfield code="h">Edward</marc:subfield><marc:subfield code="f">Viscount Kingsborough</marc:subfield><marc:subfield code="p">762.i.1.</marc:subfield><marc:subfield code="x">1743150229</marc:subfield></marc:datafield></marc:record>