
<marc:record><marc:leader>00815cam a22001933  4500</marc:leader>
<marc:controlfield tag="001">000029604</marc:controlfield>
<marc:controlfield tag="003">Uk</marc:controlfield><marc:controlfield tag="005">20110421155500.0</marc:controlfield><marc:controlfield tag="008">871006|1900|||||||    ||     ||| |||||  </marc:controlfield><marc:datafield tag="040" ind1=" " ind2=" "><marc:subfield code="a">Uk</marc:subfield><marc:subfield code="c">Uk</marc:subfield></marc:datafield><marc:datafield tag="100" ind1="1" ind2=" "><marc:subfield code="a">AGNEL, Émile.</marc:subfield></marc:datafield><marc:datafield tag="245" ind1="1" ind2="0"><marc:subfield code="a">[Code-manuel des propriétaires et locataires de maisons; hoteliers, aubergistes et logeurs ... Deuxième édition.]</marc:subfield></marc:datafield><marc:datafield tag="250" ind1=" " ind2=" "><marc:subfield code="a">Neuvième édition ... augmentée ... par L. Pabon.</marc:subfield></marc:datafield><marc:datafield tag="260" ind1=" " ind2=" "><marc:subfield code="a">Paris,</marc:subfield><marc:subfield code="c">1900.</marc:subfield></marc:datafield><marc:datafield tag="300" ind1=" " ind2=" "><marc:subfield code="a">x, 622 p. ;</marc:subfield><marc:subfield code="c">8º.</marc:subfield></marc:datafield><marc:datafield tag="700" ind1="1" ind2=" "><marc:subfield code="a">PABON, Louis.</marc:subfield></marc:datafield><marc:datafield tag="787" ind1="0" ind2=" "><marc:subfield code="t">Code-manuel des propriétaires et locataires de maisons; hoteliers, aubergistes et logeurs ... Deuxième édition.</marc:subfield><marc:subfield code="d">pp. viii. 532. Paris, 1846. 12º.</marc:subfield><marc:subfield code="w">(Uk)MP1.0000033137</marc:subfield></marc:datafield><marc:datafield tag="852" ind1="4" ind2="1"><marc:subfield code="a">British Library</marc:subfield><marc:subfield code="b">HMNTS</marc:subfield><marc:subfield code="j">05402.ff.43.</marc:subfield></marc:datafield><marc:datafield tag="886" ind1="2" ind2=" "><marc:subfield code="2">blmarc</marc:subfield><marc:subfield code="a">709</marc:subfield><marc:subfield code="b">00</marc:subfield><marc:subfield code="a">PABON</marc:subfield><marc:subfield code="h">Louis</marc:subfield><marc:subfield code="p">05402.ff.43.</marc:subfield><marc:subfield code="x">2450070141</marc:subfield></marc:datafield></marc:record>