
<marc:record><marc:leader>00780cam a22001693  4500</marc:leader>
<marc:controlfield tag="001">000029619</marc:controlfield>
<marc:controlfield tag="003">Uk</marc:controlfield><marc:controlfield tag="005">20111222151700.0</marc:controlfield><marc:controlfield tag="008">871006|1825|||||||    ||     ||| |||||  </marc:controlfield><marc:datafield tag="040" ind1=" " ind2=" "><marc:subfield code="a">Uk</marc:subfield><marc:subfield code="c">Uk</marc:subfield></marc:datafield><marc:datafield tag="100" ind1="1" ind2=" "><marc:subfield code="a">AGNELLI, Francesco Antonio.</marc:subfield></marc:datafield><marc:datafield tag="245" ind1="1" ind2="0"><marc:subfield code="a">Pregi della Congregazione dell' Oratorio di San Filippo Neri. Opera postuma, e prima d'ora inedita d'un Prete dell' Oratorio di Savigliano nel Piemonte, etc.</marc:subfield></marc:datafield><marc:datafield tag="260" ind1=" " ind2=" "><marc:subfield code="a">Venezia,</marc:subfield><marc:subfield code="c">1825.</marc:subfield></marc:datafield><marc:datafield tag="300" ind1=" " ind2=" "><marc:subfield code="a">2 vol. ;</marc:subfield><marc:subfield code="c">8º.</marc:subfield></marc:datafield><marc:datafield tag="710" ind1="2" ind2=" "><marc:subfield code="a">Churches, Institutions, Orders, etc. (PHILIP [Neri], Saint).</marc:subfield><marc:subfield code="b">Congregation of the Oratory of, Chioggia.</marc:subfield></marc:datafield><marc:datafield tag="852" ind1="4" ind2="1"><marc:subfield code="a">British Library</marc:subfield><marc:subfield code="b">HMNTS</marc:subfield><marc:subfield code="j">4784.ee.15.</marc:subfield></marc:datafield><marc:datafield tag="886" ind1="2" ind2=" "><marc:subfield code="2">blmarc</marc:subfield><marc:subfield code="a">709</marc:subfield><marc:subfield code="b">00</marc:subfield><marc:subfield code="a">PHILIP [Neri], Saint</marc:subfield><marc:subfield code="d">Churches, Institutions, Orders, etc.</marc:subfield><marc:subfield code="d">Congregation of the Oratory of, Chioggia</marc:subfield><marc:subfield code="p">4784.ee.15.</marc:subfield><marc:subfield code="x">2572570335</marc:subfield></marc:datafield></marc:record>