
<marc:record><marc:leader>00837cam a22001933  4500</marc:leader>
<marc:controlfield tag="001">000029620</marc:controlfield>
<marc:controlfield tag="003">Uk</marc:controlfield><marc:controlfield tag="005">20130521172300.0</marc:controlfield><marc:controlfield tag="008">871006|1881||||enk    ||     ||| ||eng  </marc:controlfield><marc:datafield tag="040" ind1=" " ind2=" "><marc:subfield code="a">Uk</marc:subfield><marc:subfield code="c">Uk</marc:subfield></marc:datafield><marc:datafield tag="100" ind1="1" ind2=" "><marc:subfield code="a">AGNELLI, Francesco Antonio.</marc:subfield></marc:datafield><marc:datafield tag="245" ind1="1" ind2="4"><marc:subfield code="a">The Excellencies of the Congregation of the Oratory of St. Philip Neri. Translated ... and abridged [from the “Pregi della Congregazione dell' Oratorio di San Filippo Neri, etc.”] by F. I. Antrobus.</marc:subfield></marc:datafield><marc:datafield tag="260" ind1=" " ind2=" "><marc:subfield code="a">London :</marc:subfield><marc:subfield code="b">Burns &amp; Oates,</marc:subfield><marc:subfield code="c">1881.</marc:subfield></marc:datafield><marc:datafield tag="300" ind1=" " ind2=" "><marc:subfield code="a">xvii, 394 p. ;</marc:subfield><marc:subfield code="c">8º.</marc:subfield></marc:datafield><marc:datafield tag="700" ind1="1" ind2=" "><marc:subfield code="a">ANTROBUS, Frederick Ignatius.</marc:subfield></marc:datafield><marc:datafield tag="720" ind1=" " ind2=" "><marc:subfield code="a">PHILIP [Neri], Saint. Appendix</marc:subfield></marc:datafield><marc:datafield tag="852" ind1="4" ind2="1"><marc:subfield code="a">British Library</marc:subfield><marc:subfield code="b">HMNTS</marc:subfield><marc:subfield code="j">4782.aa.20.</marc:subfield></marc:datafield><marc:datafield tag="886" ind1="2" ind2=" "><marc:subfield code="2">blmarc</marc:subfield><marc:subfield code="a">709</marc:subfield><marc:subfield code="b">00</marc:subfield><marc:subfield code="a">ANTROBUS</marc:subfield><marc:subfield code="h">Frederick Ignatius</marc:subfield><marc:subfield code="p">4782.aa.20.</marc:subfield><marc:subfield code="x">0093660049</marc:subfield></marc:datafield><marc:datafield tag="886" ind1="2" ind2=" "><marc:subfield code="2">blmarc</marc:subfield><marc:subfield code="a">709</marc:subfield><marc:subfield code="b">00</marc:subfield><marc:subfield code="a">PHILIP [Neri], Saint</marc:subfield><marc:subfield code="t">Appendix</marc:subfield><marc:subfield code="p">4782.aa.20.</marc:subfield><marc:subfield code="x">2572560070</marc:subfield></marc:datafield></marc:record>