
<marc:record><marc:leader>00566cam a22001693  4500</marc:leader>
<marc:controlfield tag="001">000029647</marc:controlfield>
<marc:controlfield tag="003">Uk</marc:controlfield><marc:controlfield tag="005">20101105133500.0</marc:controlfield><marc:controlfield tag="008">871006|1827|||||||    ||    |||| |||||  </marc:controlfield><marc:datafield tag="040" ind1=" " ind2=" "><marc:subfield code="a">Uk</marc:subfield><marc:subfield code="c">Uk</marc:subfield></marc:datafield><marc:datafield tag="245" ind1="1" ind2="0"><marc:subfield code="a">Le Due agnelline, etc. [A translation of “The Two Lambs” by Lucy L. Cameron.]</marc:subfield></marc:datafield><marc:datafield tag="260" ind1=" " ind2=" "><marc:subfield code="a">pp. 40. Siena, 1827.</marc:subfield></marc:datafield><marc:datafield tag="300" ind1=" " ind2=" "><marc:subfield code="a">32þ.</marc:subfield></marc:datafield><marc:datafield tag="700" ind1="1" ind2=" "><marc:subfield code="a">Cameron,</marc:subfield><marc:subfield code="c">Mrs.</marc:subfield><marc:subfield code="q">(Lucy Lyttelton),</marc:subfield><marc:subfield code="d">1781-1858</marc:subfield></marc:datafield><marc:datafield tag="720" ind1=" " ind2=" "><marc:subfield code="a">AGNELLINE</marc:subfield><marc:subfield code="e">main entry</marc:subfield></marc:datafield><marc:datafield tag="852" ind1="4" ind2="1"><marc:subfield code="a">British Library</marc:subfield><marc:subfield code="b">HMNTS</marc:subfield><marc:subfield code="j">4414.df.76.(1.)</marc:subfield></marc:datafield><marc:datafield tag="886" ind1="2" ind2=" "><marc:subfield code="2">blmarc</marc:subfield><marc:subfield code="a">709</marc:subfield><marc:subfield code="b">00</marc:subfield><marc:subfield code="a">CAMERON</marc:subfield><marc:subfield code="h">Lucy Lyttelton</marc:subfield><marc:subfield code="p">4414.df.76.(1.)</marc:subfield><marc:subfield code="x">0520010019</marc:subfield></marc:datafield></marc:record>