
<marc:record><marc:leader>01298cam a22002293  4500</marc:leader>
<marc:controlfield tag="001">000029672</marc:controlfield>
<marc:controlfield tag="003">Uk</marc:controlfield><marc:controlfield tag="005">20120224170000.0</marc:controlfield><marc:controlfield tag="008">990319|1851|||||||    ||    |||| |||||  </marc:controlfield><marc:datafield tag="040" ind1=" " ind2=" "><marc:subfield code="a">Uk</marc:subfield><marc:subfield code="c">Uk</marc:subfield></marc:datafield><marc:datafield tag="245" ind1="1" ind2="0"><marc:subfield code="a">[Agnelli, qui et Andreas, liber pontificalis; sive, vitæ pontificum Ravennatum. Benedictus Bacchinius ex Bibliotheca Estensi eruit, dissertationibus &amp; observationibus, necnon appendice monumentorum illustravit.]</marc:subfield></marc:datafield><marc:datafield tag="250" ind1=" " ind2=" "><marc:subfield code="a">[Another edition.]</marc:subfield></marc:datafield><marc:datafield tag="260" ind1=" " ind2=" "><marc:subfield code="c">1851.</marc:subfield></marc:datafield><marc:datafield tag="580" ind1=" " ind2=" "><marc:subfield code="a">In: Migne (J. P.) Patrologiæ cursus completus, etc. tom. 106. 1844, etc. 4º.</marc:subfield></marc:datafield><marc:datafield tag="700" ind1="1" ind2=" "><marc:subfield code="a">BACCHINI, Benedetto.</marc:subfield></marc:datafield><marc:datafield tag="720" ind1=" " ind2=" "><marc:subfield code="a">AGNELLUS, called also ANDREAS, Abbas S. Mariae ad Blachernas</marc:subfield><marc:subfield code="e">main entry</marc:subfield></marc:datafield><marc:datafield tag="787" ind1="0" ind2=" "><marc:subfield code="t">Agnelli, qui et Andreas, liber pontificalis; sive, vitæ pontificum Ravennatum. Benedictus Bacchinius ex Bibliotheca Estensi eruit, dissertationibus &amp; observationibus, necnon appendice monumentorum illustravit.</marc:subfield><marc:subfield code="d">2 tom. Mutinæ, 1708. 4º.</marc:subfield><marc:subfield code="w">(Uk)MP1.0000033207</marc:subfield></marc:datafield><marc:datafield tag="852" ind1="4" ind2="1"><marc:subfield code="a">British Library</marc:subfield><marc:subfield code="b">HMNTS</marc:subfield><marc:subfield code="j">HLR270</marc:subfield></marc:datafield><marc:datafield tag="852" ind1="4" ind2="1"><marc:subfield code="a">British Library</marc:subfield><marc:subfield code="b">HMNTS</marc:subfield><marc:subfield code="j">2000.d.</marc:subfield><marc:subfield code="3">Superseded by HLR270</marc:subfield></marc:datafield><marc:datafield tag="852" ind1="4" ind2="1"><marc:subfield code="a">British Library</marc:subfield><marc:subfield code="b">HMNTS</marc:subfield><marc:subfield code="j">MSS270</marc:subfield><marc:subfield code="3">[Another copy.]</marc:subfield></marc:datafield><marc:datafield tag="852" ind1="4" ind2="1"><marc:subfield code="a">British Library</marc:subfield><marc:subfield code="b">HMNTS</marc:subfield><marc:subfield code="j">La.7-9.</marc:subfield><marc:subfield code="3">Superseded by MSS270</marc:subfield></marc:datafield><marc:datafield tag="886" ind1="2" ind2=" "><marc:subfield code="2">blmarc</marc:subfield><marc:subfield code="a">709</marc:subfield><marc:subfield code="b">00</marc:subfield><marc:subfield code="a">BACCHINI</marc:subfield><marc:subfield code="h">Benedetto</marc:subfield><marc:subfield code="p">L.1.h.1/2.</marc:subfield><marc:subfield code="p">2000.d.</marc:subfield><marc:subfield code="p">659.h.15.</marc:subfield><marc:subfield code="x">0154230278</marc:subfield></marc:datafield></marc:record>