
<marc:record><marc:leader>01177cam a22001813  4500</marc:leader>
<marc:controlfield tag="001">000029673</marc:controlfield>
<marc:controlfield tag="003">Uk</marc:controlfield><marc:controlfield tag="005">20120224170000.0</marc:controlfield><marc:controlfield tag="008">990319|1878|||||||    ||    |||| |||||  </marc:controlfield><marc:datafield tag="040" ind1=" " ind2=" "><marc:subfield code="a">Uk</marc:subfield><marc:subfield code="c">Uk</marc:subfield></marc:datafield><marc:datafield tag="245" ind1="1" ind2="0"><marc:subfield code="a">[Agnelli, qui et Andreas, liber pontificalis; sive, vitæ pontificum Ravennatum. Benedictus Bacchinius ex Bibliotheca Estensi eruit, dissertationibus &amp; observationibus, necnon appendice monumentorum illustravit.]</marc:subfield></marc:datafield><marc:datafield tag="250" ind1=" " ind2=" "><marc:subfield code="a">[Another edition.] Ed. O. Holder-Egger.</marc:subfield></marc:datafield><marc:datafield tag="260" ind1=" " ind2=" "><marc:subfield code="c">1878.</marc:subfield></marc:datafield><marc:datafield tag="580" ind1=" " ind2=" "><marc:subfield code="a">In: Germany.-Gesellschaft für ältere deutsche Geschichtskunde. Monumenta Germaniae historica, etc. (Scriptores rerum Langobardicarum et Italicarum saec. VI.-IX.) 1877, etc. 4º.</marc:subfield></marc:datafield><marc:datafield tag="720" ind1=" " ind2=" "><marc:subfield code="a">AGNELLUS, called also ANDREAS, Abbas S. Mariae ad Blachernas</marc:subfield><marc:subfield code="e">main entry</marc:subfield></marc:datafield><marc:datafield tag="787" ind1="0" ind2=" "><marc:subfield code="t">Agnelli, qui et Andreas, liber pontificalis; sive, vitæ pontificum Ravennatum. Benedictus Bacchinius ex Bibliotheca Estensi eruit, dissertationibus &amp; observationibus, necnon appendice monumentorum illustravit.</marc:subfield><marc:subfield code="d">2 tom. Mutinæ, 1708. 4º.</marc:subfield><marc:subfield code="w">(Uk)MP1.0000033207</marc:subfield></marc:datafield><marc:datafield tag="852" ind1="4" ind2="1"><marc:subfield code="a">British Library</marc:subfield><marc:subfield code="b">HMNTS</marc:subfield><marc:subfield code="j">HLL943 (MG-S3)</marc:subfield></marc:datafield><marc:datafield tag="852" ind1="4" ind2="1"><marc:subfield code="a">British Library</marc:subfield><marc:subfield code="b">HMNTS</marc:subfield><marc:subfield code="j">Circ.35.b.(8).</marc:subfield><marc:subfield code="3">Superseded by HLL943 (MG-S3)</marc:subfield></marc:datafield></marc:record>