
<marc:record><marc:leader>00776 am a2200193   4500</marc:leader>
<marc:controlfield tag="001">000029690</marc:controlfield>
<marc:controlfield tag="003">Uk</marc:controlfield><marc:controlfield tag="005">20100413152327.0</marc:controlfield><marc:controlfield tag="008">871006s1849    enka          000 1 eng  </marc:controlfield><marc:datafield tag="040" ind1=" " ind2=" "><marc:subfield code="a">Uk</marc:subfield><marc:subfield code="b">eng</marc:subfield><marc:subfield code="c">Uk</marc:subfield></marc:datafield><marc:datafield tag="100" ind1="1" ind2=" "><marc:subfield code="a">Prest, Thomas Peckett</marc:subfield></marc:datafield><marc:datafield tag="245" ind1="1" ind2="0"><marc:subfield code="a">Agnes the Unknown,</marc:subfield><marc:subfield code="b">or, The Beggar's secret. A romance.</marc:subfield><marc:subfield code="c">By the author of &quot;Ela, the outcast,&quot; ... [i.e. T. P. Prest].</marc:subfield></marc:datafield><marc:datafield tag="246" ind1="1" ind2="7"><marc:subfield code="a">Agnes the Unknown; or, The Medicant's secret.</marc:subfield></marc:datafield><marc:datafield tag="260" ind1=" " ind2=" "><marc:subfield code="a">London :</marc:subfield><marc:subfield code="b">Published by E. Lloyd ... ,</marc:subfield><marc:subfield code="c">MDCCCXLIX [1849].</marc:subfield></marc:datafield><marc:datafield tag="300" ind1=" " ind2=" "><marc:subfield code="a">[2], 190 p. :</marc:subfield><marc:subfield code="b">ill. ;</marc:subfield><marc:subfield code="c">23 cm.</marc:subfield></marc:datafield><marc:datafield tag="500" ind1=" " ind2=" "><marc:subfield code="a">Published in twenty-four parts.</marc:subfield></marc:datafield><marc:datafield tag="500" ind1=" " ind2=" "><marc:subfield code="a">Text within a border.</marc:subfield></marc:datafield><marc:datafield tag="650" ind1=" " ind2="0"><marc:subfield code="a">English fiction</marc:subfield><marc:subfield code="y">19th century</marc:subfield></marc:datafield><marc:datafield tag="852" ind1="4" ind2="1"><marc:subfield code="a">British Library</marc:subfield><marc:subfield code="b">HMNTS</marc:subfield><marc:subfield code="j">12623.f.8</marc:subfield><marc:subfield code="q">Copy at 12623.f.8: Imperfect - lacking part sixteen (pp. 121-128).</marc:subfield></marc:datafield></marc:record>