
<marc:record><marc:leader>00688cam a22001573  4500</marc:leader>
<marc:controlfield tag="001">000029693</marc:controlfield>
<marc:controlfield tag="003">Uk</marc:controlfield><marc:controlfield tag="005">20130130181900.0</marc:controlfield><marc:controlfield tag="008">871006|1876|||||||    ||    |||| |||||  </marc:controlfield><marc:datafield tag="040" ind1=" " ind2=" "><marc:subfield code="a">Uk</marc:subfield><marc:subfield code="c">Uk</marc:subfield></marc:datafield><marc:datafield tag="245" ind1="1" ind2="0"><marc:subfield code="a">[Aunt Agnes; or, the Why and the Wherefore of Life. An autobiography. By a Clergyman's Daughter [i.e. Selina Gaye].]</marc:subfield></marc:datafield><marc:datafield tag="260" ind1=" " ind2=" "><marc:subfield code="a">Edinburgh ;</marc:subfield><marc:subfield code="a">London :</marc:subfield><marc:subfield code="b">Gall &amp; Inglis,</marc:subfield><marc:subfield code="c">[1876]</marc:subfield></marc:datafield><marc:datafield tag="300" ind1=" " ind2=" "><marc:subfield code="c">8º.</marc:subfield></marc:datafield><marc:datafield tag="720" ind1=" " ind2=" "><marc:subfield code="a">AGNES, Aunt</marc:subfield><marc:subfield code="e">main entry</marc:subfield></marc:datafield><marc:datafield tag="787" ind1="0" ind2=" "><marc:subfield code="t">Aunt Agnes; or, the Why and the Wherefore of Life. An autobiography. By a Clergyman's Daughter [i.e. Selina Gaye].</marc:subfield><marc:subfield code="d">pp. 255. J. Hogg &amp; Sons: London, [1861.] 8º.</marc:subfield><marc:subfield code="w">(Uk)MP1.0000033229</marc:subfield></marc:datafield><marc:datafield tag="852" ind1="4" ind2="1"><marc:subfield code="a">British Library</marc:subfield><marc:subfield code="b">HMNTS</marc:subfield><marc:subfield code="j">12808.l.11.</marc:subfield><marc:subfield code="3">[A reissue.]</marc:subfield></marc:datafield></marc:record>