
<marc:record><marc:leader>00506cam a22001693  4500</marc:leader>
<marc:controlfield tag="001">000029738</marc:controlfield>
<marc:controlfield tag="003">Uk</marc:controlfield><marc:controlfield tag="005">20111222151700.0</marc:controlfield><marc:controlfield tag="008">871006|1843|||||||    ||     ||| |||||  </marc:controlfield><marc:datafield tag="040" ind1=" " ind2=" "><marc:subfield code="a">Uk</marc:subfield><marc:subfield code="c">Uk</marc:subfield></marc:datafield><marc:datafield tag="100" ind1="1" ind2=" "><marc:subfield code="a">AGNESI, Margarita Gaetana Angiolo Maria.</marc:subfield></marc:datafield><marc:datafield tag="245" ind1="1" ind2="0"><marc:subfield code="a">Documenti e note. [Edited by C. Grossi.]</marc:subfield></marc:datafield><marc:datafield tag="260" ind1=" " ind2=" "><marc:subfield code="a">[Ferrara?,</marc:subfield><marc:subfield code="c">1843]</marc:subfield></marc:datafield><marc:datafield tag="300" ind1=" " ind2=" "><marc:subfield code="c">8º.</marc:subfield></marc:datafield><marc:datafield tag="700" ind1="1" ind2=" "><marc:subfield code="a">GROSSI, Cammillo.</marc:subfield></marc:datafield><marc:datafield tag="852" ind1="4" ind2="1"><marc:subfield code="a">British Library</marc:subfield><marc:subfield code="b">HMNTS</marc:subfield><marc:subfield code="j">10630.ee.1.(3.)</marc:subfield></marc:datafield><marc:datafield tag="886" ind1="2" ind2=" "><marc:subfield code="2">blmarc</marc:subfield><marc:subfield code="a">709</marc:subfield><marc:subfield code="b">00</marc:subfield><marc:subfield code="a">GROSSI</marc:subfield><marc:subfield code="h">Cammillo</marc:subfield><marc:subfield code="p">10630.ee.1.(3.)</marc:subfield><marc:subfield code="x">1333990073</marc:subfield></marc:datafield></marc:record>