
<marc:record><marc:leader>00627cam a22001693  4500</marc:leader>
<marc:controlfield tag="001">000029743</marc:controlfield>
<marc:controlfield tag="003">Uk</marc:controlfield><marc:controlfield tag="005">20101105133500.0</marc:controlfield><marc:controlfield tag="008">871006|1867|||||||    ||    |||| |||||  </marc:controlfield><marc:datafield tag="040" ind1=" " ind2=" "><marc:subfield code="a">Uk</marc:subfield><marc:subfield code="c">Uk</marc:subfield></marc:datafield><marc:datafield tag="245" ind1="1" ind2="0"><marc:subfield code="a">Двѣ-тѣ агнета. Иносказателна повѣстъ. [Translated from “The Two Lambs” of Mrs L. L. Cameron.]</marc:subfield></marc:datafield><marc:datafield tag="260" ind1=" " ind2=" "><marc:subfield code="a">pp. 18. Цириградъ, 1867.</marc:subfield></marc:datafield><marc:datafield tag="300" ind1=" " ind2=" "><marc:subfield code="a">12º.</marc:subfield></marc:datafield><marc:datafield tag="700" ind1="1" ind2=" "><marc:subfield code="a">Cameron,</marc:subfield><marc:subfield code="c">Mrs.</marc:subfield><marc:subfield code="q">(Lucy Lyttelton),</marc:subfield><marc:subfield code="d">1781-1858</marc:subfield></marc:datafield><marc:datafield tag="720" ind1=" " ind2=" "><marc:subfield code="a">AGNETA</marc:subfield><marc:subfield code="e">main entry</marc:subfield></marc:datafield><marc:datafield tag="852" ind1="4" ind2="1"><marc:subfield code="a">British Library</marc:subfield><marc:subfield code="b">HMNTS</marc:subfield><marc:subfield code="j">4422.ddd.21.(13.)</marc:subfield></marc:datafield><marc:datafield tag="886" ind1="2" ind2=" "><marc:subfield code="2">blmarc</marc:subfield><marc:subfield code="a">709</marc:subfield><marc:subfield code="b">00</marc:subfield><marc:subfield code="a">CAMERON</marc:subfield><marc:subfield code="h">Lucy Lyttelton</marc:subfield><marc:subfield code="p">4422.ddd.21.(13.)</marc:subfield><marc:subfield code="x">0520010027</marc:subfield></marc:datafield></marc:record>
</marc:collection>
